3069 4749
822 135 1334 192 HISTORIARUM
1369 135 1802 192 ALEXANDRI
1839 135 1985 203 VIII,
2022 141 2072 193 8.

2502 137 2629 201 137

278 301 349 364 in
404 298 670 384 Asiam,
720 320 854 364 non
904 302 980 364 ut
1032 299 1324 364 funditus
1379 301 1735 363 everterem
1790 301 2017 382 gentes
2076 319 2197 364 nec
2240 301 2316 363 ut
2366 298 2631 366 dimidia

275 391 466 474 parte
521 392 846 454 terrarum
901 387 1318 454 solitudinem
1367 387 1675 466 facerem,
1732 387 1846 451 sed
1892 392 1968 451 ut
2010 387 2163 453 illos
2172 437 2190 471 ‚
2244 409 2407 472 quos
2455 389 2628 454 bello

275 478 718 562 subegissem,
779 476 1095 543 victoriae
1148 497 1331 542 meae
1383 497 1516 542 non
1569 475 1951 559 paeniteret.
2050 475 2279 562 Itaque
2346 477 2632 543 militant
2671 498 2733 547 11

275 567 650 650 vobiscum,
696 587 815 650 pro
861 565 1134 651 imperio
1171 567 1389 630 vestro
1427 565 1811 649 sanguinem
1854 563 2159 648 fundunt,
2206 566 2329 670 qui·
2360 567 2635 651 superbe

275 656 492 722 habiti
556 655 1004 720 rebellassent.

1112 652 1266 718 Non
1337 656 1435 718 est
1505 653 1815 718 diuturna
1880 652 2236 737 possessio,
2308 677 2377 719 m
2442 677 2637 738 quam

280 744 502 830 gladio
577 743 976 808 inducimur:
1048 743 1508 808 beneficiorum
1582 743 1799 828 gratia
1872 742 2267 825 sempiterna
2338 746 2456 808 est.

279 833 523 898 habere
570 832 829 917 Asiam,
873 853 1004 896 non
1048 831 1330 897 transire
1373 832 1704 914 volumus,
1764 851 1911 895 cum
1954 830 2058 895 his
2107 832 2638 898 communicanda

284 926 388 988 est
441 924 672 988 nostra
726 921 1096 986 clementia:
1152 921 1386 986 horum
1439 920 1604 984 fides
1661 919 1893 984 stabile
1938 923 2007 984 et
2058 923 2391 986 aeternum
2416 918 2430 932 “
2444 921 2638 986 faciet

285 1011 654 1094 imperium.
727 1010 818 1075 Et
854 1032 1008 1075 sane
1045 1010 1196 1094 plus
1238 1009 1581 1093 habemus,
1628 1030 1821 1092 quam
1858 1009 2166 1092 capimus,
2238 1007 2637 1074 Insatiabilis

285 1105 510 1165 autem
566 1099 844 1165 avaritia
897 1101 997 1164 est
1041 1097 1252 1164 adhuc
1295 1097 1547 1183 inplere
1590 1097 1787 1182 velle,
1846 1096 2017 1181 quod
2060 1096 2193 1162 iam
2240 1097 2637 1163 circumfluit.

285 1188 758 1254 Verumtamen
795 1209 1017 1253 eorum
1051 1208 1250 1253 mores
1283 1188 1354 1252 in
1387 1185 1777 1252 Macedonas
1822 1185 2233 1252 transfundo!
2298 1186 2378 1251 In
2413 1186 2637 1252 multis
2677 1207 2743 1256 13

287 1277 467 1343 enim
514 1277 816 1362 gentibus
863 1299 1003 1342 esse
1051 1277 1263 1360 video,
1309 1297 1474 1360 quae
1516 1296 1654 1341 non
1698 1275 2153 1340 erubescamus
2198 1274 2473 1340 imitari:
2522 1297 2641 1340 nec

287 1366 486 1432 aliter
539 1369 797 1430 tantum
851 1366 1198 1449 imperium
1255 1370 1406 1449 apte
1459 1365 1603 1450 regi
1657 1367 1902 1448 potest,
1957 1385 2152 1447 quam
2197 1366 2273 1428 ut
2326 1364 2641 1448 quaedam

174 1463 262 1528 28
285 1460 356 1521 et
400 1454 737 1520 tradamus
782 1455 918 1519 illis
965 1458 1032 1518 et
1077 1454 1158 1519 ab
1212 1455 1418 1519 isdem
1463 1453 1809 1518 discamus.
1896 1451 2068 1516 Illud
2121 1474 2325 1537 paene
2371 1452 2641 1538 dignum
2679 1475 2747 1524 14

283 1545 426 1610 risu
497 1544 653 1627 fuit,
727 1543 897 1627 quod
959 1542 1348 1608 Hermolaus
1418 1542 1800 1626 postulabat
1862 1563 1903 1606 a
1968 1563 2102 1621 me,
2173 1544 2249 1606 ut
2312 1562 2644 1607 aversarer

284 1633 546 1716 Iovem,
601 1631 780 1696 cuius
837 1631 1097 1698 oraculo
1153 1631 1528 1716 adgnoscor.
1627 1631 1729 1695 An
1775 1629 1999 1714 etiam,
2058 1629 2214 1714 quid
2268 1629 2335 1694 di
2380 1651 2640 1714 respon·
2681 1654 2744 1704 15

289 1721 516 1804 deant,
569 1719 641 1784 in
695 1739 840 1783 mea
891 1722 1217 1803 potestate
1263 1720 1406 1784 est‘?
1479 1719 1738 1785 Obtulit
1793 1741 2029 1784 nomen
2073 1717 2196 1782 filii
2241 1718 2429 1784 mihi:
2483 1719 2640 1784 reci·

290 1830 450 1892 pere
503 1808 666 1892 ipsis
722 1807 944 1893 rebus,
1004 1829 1162 1892 quas
1219 1808 1502 1893 agimus,
1565 1809 1739 1873 haud
1792 1808 2073 1873 alienum
2129 1806 2272 1871 fuit.
2371 1806 2641 1873 Utinam

289 1897 441 1961 Indi
498 1917 750 1982 quoque
805 1897 995 1961 deum
1053 1918 1192 1961 esse
1246 1918 1350 1962 me
1405 1896 1698 1962 credant!
1780 1896 1985 1962 Fama
2038 1895 2213 1960 enim
2271 1895 2447 1962 bella
2492 1917 2640 1962 con-

291 2140 387 2196 W.
415 2172 482 2182 -
512 2142 802 2198 dimidia
829 2146 1030 2211 parte
1064 2140 1171 2197 wie
1199 2147 1248 2196 9.
1271 2147 1322 2196 2.
1347 2147 1417 2196 24

292 2214 359 2268 in
384 2213 531 2268 Asia
570 2213 918 2268 solitudinem
959 2212 1180 2280 fecisti-3.
1254 2214 1416 2268 Auch

292 2284 387 2340 bei
433 2284 680 2341 anderen
716 2282 1159 2340 Schriftstellern
1203 2281 1283 2338 ist
1323 2283 1415 2339 die

293 2356 521 2413 fibliche
577 2355 1004 2413 Construktion:
1063 2357 1178 2413 loco
1229 2357 1416 2427 aliquo

293 2430 643 2485 solitudinem
704 2429 909 2497 facere,
972 2427 1157 2483 nicht:
1241 2429 1416 2483 locum

296 2500 531 2571 aliquem
573 2500 922 2555 solitudinem
965 2500 1144 2566 facere
1192 2502 1282 2569 (==
1319 2517 1416 2555 zur

296 2568 512 2624 Einode
567 2570 844 2638 macheu).
881 2600 946 2610 —-
990 2573 1420 2643 subeyissem,

299 2639 707 2707 entsprechend
763 2641 891 2695 dem
941 2640 1045 2695 fut.
1093 2644 1269 2697 exact.
1319 2642 1420 2697 der

300 2709 558 2765 direkten
593 2710 765 2767 Rede.

373 2802 457 2853 11.
495 2798 914 2864 inducimur,
954 2798 1047 2852 ein
1075 2798 1261 2867 jurist.
1297 2801 1337 2855 t.
1374 2801 1418 2855 t.

298 2868 393 2925 bei
419 2870 529 2923 den
556 2868 824 2936 Remota,
861 2867 1123 2924 ziemlich
1151 2885 1420 2939 synonym

300 2940 406 2995 mit
439 2940 588 2995 mitti
622 2940 687 2993 in
723 2939 867 2994 bona
902 2940 1155 2995 alicuius.

376 3032 460 3083 12.
497 3032 734 3083 nostra
767 3027 858 3083 fiir
891 3044 1024 3083 mea.
1085 3027 1244 3083 Sinn:
1284 3044 1422 3099 opus

299 3104 404 3167 eet,
441 3099 775 3183 elementiam
808 3115 982 3154 meam
1015 3115 1140 3155 cum
1171 3101 1258 3155 hic
1292 3116 1420 3171 quo-

299 3186 865 3324 fflnffifflffl·
892 3173 1154 3313 &5235
1161 3172 1418 3297 ⁸210?ssssss

301 3315 534 3369 oberten
572 3312 886 3383 Gebiets‚
921 3313 1069 3368 deun
1105 3313 1289 3368 dieses
1323 3331 1417 3384 ge-

301 3384 477 3439 denkt
495 3400 556 3439 er
579 3384 730 3439 noch
753 3402 821 3438 zu
841 3382 1150 3453 ‹si-western,
1178 3385 1419 3440 eondern

299 3454 410 3509 den
435 3454 642 3509 Umfan
713 3453 813 3510 der
837 3472 950 3511 von
985 3455 1094 3509 den
1123 3454 1421 3525 Beeiegten

301 3524 400 3578 auf
468 3525 577 3579 den
643 3472 846 3597 {ieger
915 3526 1422 3597 fibergegangenen

301 3593 704 3649 Herrscher·
731 3597 1418 3653 undHoheitsrechte.

303 3661 470 3719 Diese
495 3664 766 3721 bedfirfen
781 3668 928 3723 nach
950 3668 1134 3723 seiner
1149 3668 1420 3741 Meinung

305 3734 460 3789 einer
501 3734 950 3808 Beschrankung.
987 3768 1058 3781 —-
1102 3742 1420 3808 capimus,

303 3806 408 3861 wie
457 3812 504 3864 6.
553 3811 603 3862 9.
654 3812 717 3860 11
764 3810 977 3865 maiora
1019 3812 1200 3882 spirat
1253 3828 1421 3880 quam

301 3878 468 3947 capit.
505 3908 576 3917 —
613 3880 918 3935 avaritia
963 3886 1070 3936 est.
1145 3881 1259 3935 Der
1303 3882 1416 3937 No·

299 3948 540 4004 minativ
558 3948 666 4003 πίε
685 3954 732 4004 9.
757 3955 805 4005 7.
825 3956 912 4005 20.
963 3951 1207 4023 [Andere
1234 3954 1417 4009 lesen:

301 4019 682 4147 ssg‘ss'fflff
696 4024 1069 4160 ῖῃωῗξέἵξ.
1096 4026 1242 4149 iffi.
1251 4025 1417 4161 '3221

303 4162 378 4216 Zu
413 4162 634 4218 denken
661 4162 740 4217 iet
769 4164 922 4219 wohl
955 4164 1049 4219 ein
1077 4164 1287 4235 Objekt
1311 4166 1419 4221 πίε

299 4248 412 4288 vas.
469 4233 630 4287 Zwar
653 4234 795 4289 wird
821 4236 1194 4304 circumfluere
1223 4235 1284 4291 in
1320 4236 1421 4291 der

300 4303 477 4373 Regel
494 4320 605 4360 von
630 4304 728 4359 der
750 4306 1246 4362 fiberstrbmenden
1263 4307 1420 4363 Flus-

1490 2163 1492 2166 >
1523 2140 1734 2224 sigkeit
1807 2143 1995 2267 esagt,
2032 2142 2167 2225 aber
2202 2141 2293 2196 ftir
2330 2142 2421 2197 die
2451 2141 2640 2226 zulas-

1523 2212 1735 2282 sigkeit
1808 2229 1869 2266 er
1949 2213 2261 2284 erbmdtmg
2288 2229 2388 2268 vas
2415 2229 2642 2268 circum·
2745 2257 2748 2260 .

1521 2284 1651 2352 fluit
1677 2283 1887 2353 spricht
1914 2283 2005 2338 die
2031 2283 2258 2338 fibliohe
2290 2285 2641 2354 personliche

1522 2353 1892 2426 Verbindung
1918 2355 2290 2425 circumfluere
2316 2357 2495 2426 copia,
2526 2358 2642 2425 opi-

1524 2427 1627 2482 bus
1654 2446 1707 2481 u.
1738 2425 1913 2497 dergl.
1949 2428 2065 2481 und
2101 2426 2195 2482 die
2224 2428 2497 2499 Analogie
2535 2445 2643 2483 von

1522 2498 1714 2563 Nilus,
1749 2514 1899 2553 mare
1932 2499 2225 2567 superfluit
2250 2500 2430 2555 neben
2462 2501 2645 2554 umiae

1523 2570 1892 2639 superfluunt.
2634 2590 2643 2601 ·

1599 2682 1684 2730 13.
1714 2674 2141 2741 transfundo,
2179 2675 2309 2746 Vgl.
2330 2676 2421 2730 die
2441 2675 2645 2731 cicero-

1523 2745 1813 2801 nianische
1878 2746 2091 2800 Plu-ase
2160 2762 2395 2802 amorem
2465 2752 2642 2802 trane-

1523 2818 1757 2885 findere
1808 2819 1875 2871 in
1918 2818 2167 2886 aliquem.
2251 2816 2365 2872 Der
2410 2816 2641 2872 Schrift-

1526 2888 1719 2943 steller
1762 2888 1887 2943 halt
1931 2888 2033 2942 das
2072 2886 2201 2941 Bild
2244 2904 2377 2943 vom
2414 2887 2644 2943 Gefasse

1523 2958 1655 3015 fest.
1693 2988 1760 2999 ·-
1798 2960 1873 3014 in
1906 2960 2139 3014 multis
2173 2960 2344 3014 enim
2374 2961 2481 3013 etc.
2546 2960 2643 3012 Er-

1525 3029 1827 3099 lfiuterung
1865 3030 1963 3084 des
1999 3046 2066 3084 zu
2100 3028 2499 3099 supplirenden
2535 3029 2640 3084 Ge-

1525 3099 1805 3155 dankenez
1860 3106 2023 3170 atque
2072 3106 2213 3156 recte
2264 3116 2361 3170 eqo
2412 3100 2643 3171 quidem.

1527 3172 1736 3226 Multis
1768 3172 1847 3227 ist
1880 3172 2033 3226 wohl
2066 3196 2137 3219 aa
2176 3166 2416 3234 ἔκείνοις
2450 3166 2643 3226 τοσού-

1524 3260 1643 3305 τοις
1680 3234 1821 3299 οὖσι.
1858 3274 1927 3283 -
1966 3260 2081 3298 nec
2116 3244 2351 3309 alitem
2390 3259 2489 3299 nec
2523 3241 2646 3298 hier

1513 3336 1597 3363 ,ει
1659 3314 1793 3367 und
1854 3313 2250 3384 uberhaupt
2311 3312 2518 3369 nicht.
2581 3344 2642 3353 —-

1525 3386 1847 3453 quaedam
1909 3390 1970 3440 et
2019 3428 2032 3441 .
2082 3427 2094 3441 .
2142 3391 2229 3452 et,
2293 3384 2643 3441 adversative

1525 3454 1835 3526 Partition,
1874 3454 1999 3511 ἔνια
2036 3452 2106 3510 τὰ
2143 3455 2249 3527 μέν
2287 3500 2299 3511 .
2342 3500 2353 3513 .
2392 3452 2463 3511 τὰ
2500 3454 2584 3511 δέ.

1602 3568 1685 3617 14.
1734 3562 2229 3645 adgnoscor-sc.
2284 3564 2438 3631 fillius
2492 3581 2533 3619 s.
2593 3568 2641 3617 6.

1528 3639 1613 3689 11.
1654 3638 1703 3689 5.
1772 3633 2079 3689 Vielleicht
2121 3636 2198 3689 ist
2232 3640 2451 3703 patrem
2496 3633 2643 3689 nach

1525 3704 1713 3759 Jovem
1750 3705 2124 3777 anagefallen,
2162 3723 2206 3761 ε.
2247 3710 2293 3759 ’1.
2336 3710 2419 3761 13.

1603 3815 1685 3866 15.
1718 3810 1893 3879 ipsis
1928 3813 2151 3878 rebue,
2187 3826 2352 3881 quae
2387 3812 2645 3880 ayimue

1523 3905 1593 3927 ε-
1652 3882 1899 3951 gerade
1952 3883 2061 3937 ffir
2112 3898 2355 3937 unsere
2406 3880 2644 3951 Plane,

1521 3950 1803 4007 Politik.
1861 3984 1929 3993 —
1984 3954 2165 4009 haud
2226 3954 2521 4007 alienum
2575 3976 2644 3999 ==

1523 4024 1877 4079 utilissimmn
1886 4064 1905 4091 ,
1942 4025 2118 4079 daher
2150 4023 2259 4077 mit
2293 4024 2421 4079 dem
2458 4023 2644 4091 Dativ‚

1525 4094 1737 4149 welche
1796 4094 2197 4150 Construktion
2260 4094 2359 4149 des
2421 4095 2643 4149 Wortes

1525 4164 1718 4220 Livius
1744 4165 1905 4220 nieht
1930 4166 2137 4233 cesten,
2168 4164 2473 4220 vereinzelt
2498 4166 2644 4219 auch

1527 4234 1721 4291 Cicero
1758 4237 1874 4292 hat.
1913 4268 1979 4277 -
2018 4240 2334 4292 constant
2368 4236 2474 4291 wie
2509 4242 2561 4291 3.
2592 4242 2642 4292 8.

1529 4312 1560 4361 ’1
1596 4308 1753 4374 fama
1788 4308 1929 4363 bella
1962 4313 2121 4363 stare.

2566 741 2635 809 Si
2676 763 2739 812 12
