3069 4749
779 109 1292 166 HISTORIARUM
1329 111 1766 166 ALEXANDRI
1801 111 1980 177 VIIII,
2016 118 2067 166 4.
2108 118 2155 166 5.

2521 109 2649 175 183

285 277 650 360 excepturi:
692 296 838 340 cum
875 274 990 339 ille
1026 295 1166 339 rem
1201 295 1395 338 ausus
1435 276 1537 338 est
1574 273 2023 338 incredibilem
2059 275 2253 356 atque
2289 272 2653 337 inauditam

291 367 628 448 multoque
665 363 876 448 magis
915 363 996 428 ad
1040 362 1286 428 famam
1324 363 1717 427 temeritatis
1755 383 1951 446 quam
1989 361 2269 445 gloriam
2306 361 2653 444 insignem.

290 454 594 539 Namque
641 454 709 516 in
754 452 984 516 urbem
1037 451 1327 516 hostium
1381 451 1645 534 plenam
1697 449 2034 534 praecipiti
2082 451 2255 514 saltu
2305 449 2653 534 semetipse
2691 471 2725 518 2

297 542 596 625 immisit,
659 562 808 607 cum
869 541 979 606 vix
1035 560 1293 624 sperare
1356 543 1607 623 posset,
1671 539 2089 604 dimicantem
2154 542 2327 603 certe
2393 543 2461 602 et
2522 559 2657 602 non

297 633 580 696 inultum
618 652 758 695 esse
795 628 1208 695 moriturum:
1255 629 1494 712 quippe
1533 631 1883 712 antequam
1922 627 2330 711 adsurgeret,
2372 627 2657 712 opprimi

297 723 560 804 poterat
606 721 672 784 et
718 720 862 802 capi
914 717 1117 782 vivus,
1210 716 1336 781 Sed
1389 716 1561 781 forte
1605 717 1701 781 ita
1746 716 2103 780 libraverat
2149 737 2411 799 corpus,
2464 719 2540 780 ut
2572 736 2656 780 se
2694 736 2726 784 3

299 808 571 892 pedibus
619 808 958 891 exciperet.
1037 805 1268 889 Itaque
1315 809 1496 869 stans
1545 805 1669 870 init
1712 824 2003 889 pugnam
2051 807 2140 886 et,
2194 826 2277 870 ne
2330 804 2657 870 circumiri

299 900 549 980 posset,
594 896 862 960 fortuna
905 894 1299 978 providerat.
1393 891 1673 959 Vetusta
1728 893 1925 958 arbor
1969 854 2144 957 haud
2198 894 2423 976 procul
2469 914 2655 958 muro
2695 915 2731 961 4

299 1006 519 1050 ramos
566 985 778 1049 multa
831 983 1060 1048 fronde
1115 983 1392 1047 vestitos
1445 982 1628 1047 velut
1674 982 1753 1046 de
1807 981 2127 1046 industria
2171 1001 2393 1065 regem
2446 985 2661 1085 prote-

293 1076 528 1159 gentes
585 1073 939 1138 obiecerat.
994 1072 1187 1136 huius
1245 1071 1537 1154 spatioso
1606 1071 1817 1155 stipiti
1873 1091 2105 1154 corpus
2169 1072 2277 1151 [ne
2334 1070 2659 1135 circumiri

297 1164 550 1245 posset]
611 1161 950 1245 adplicuit,
1007 1160 1218 1244 clipeo
1272 1158 1434 1244 tela,
1499 1180 1663 1244 quae
1720 1181 1799 1224 ex
1854 1159 2123 1224 adverso
2179 1158 2661 1244 ingerebantur,

301 1251 648 1334 excipiens,
721 1250 911 1316 Nam
958 1265 1106 1314 cum
1149 1270 1353 1314 unum
1397 1248 1625 1332 procul
1670 1251 1774 1313 tot
1818 1269 2051 1312 manus
2098 1250 2420 1350 peterent,
2472 1267 2660 1312 nemo
2700 1268 2731 1315 5

300 1343 525 1403 tamen
583 1338 864 1403 audebat
917 1339 1186 1421 propius
1243 1337 1570 1403 accedere.
1634 1337 1911 1401 missilia
1962 1337 2163 1401 ramis
2220 1336 2409 1418 plura
2466 1357 2663 1419 quam

295 1428 512 1512 clipeo
549 1427 940 1492 incidebant.
1003 1425 1350 1510 Pugnabat
1385 1447 1504 1509 pro
1532 1445 1689 1508 rege
1726 1427 2009 1510 primum
2040 1424 2350 1490 celebrati
2375 1424 2661 1489 nominis
2700 1445 2735 1492 6

301 1516 510 1597 fama,
565 1515 794 1580 deinde
840 1514 1238 1598 desperatio,
1291 1534 1603 1600 magnum
1650 1514 1730 1578 ad
1785 1514 2057 1578 honeste
2105 1512 2507 1579 moriendum
2562 1512 2663 1576 in-

304 1605 750 1668 citamentum.
834 1601 958 1667 Sed
1005 1623 1151 1667 cum
1189 1603 1462 1667 subinde
1506 1602 1720 1667 hostis
1768 1603 2102 1686 adflueret,
2148 1603 2283 1667 iam
2330 1601 2659 1687 ingentem
2702 1621 2733 1669 7

304 1692 439 1756 vim
485 1692 770 1755 telorum
825 1693 1166 1775 exceperat
1219 1693 1456 1774 clipeO,
1514 1692 1648 1755 iam
1694 1691 1951 1776 galeam
1998 1714 2153 1756 saxa
2197 1691 2664 1776 perfregerant,

305 1780 441 1844 iam
489 1781 792 1845 continuo
848 1780 1074 1845 labore
1129 1784 1402 1865 gravata
1457 1799 1673 1864 genua
1720 1780 2141 1845 succiderant.
2229 1780 2461 1864 Itaque
2516 1800 2664 1844 con·
2701 1797 2733 1845 8

306 1869 612 1952 temptim
650 1872 717 1932 et
752 1869 1012 1933 incaute
1049 1871 1160 1952 qui
1195 1869 1476 1953 proximi
1515 1872 1833 1933 steterant
1872 1869 2309 1934 incurrerunt:
2356 1890 2391 1932 e
2428 1868 2663 1952 quibus

307 1957 468 2021 duos
507 1957 725 2040 gladio
763 1957 860 2022 ita
897 1957 1177 2041 excepit,
1213 1961 1289 2022 ut
1327 1960 1479 2022 ante
1523 1957 1742 2041 ipsum
1780 1957 2107 2022 exanimes
2145 1957 2664 2041 procumberent.

304 2044 371 2109 N
374 2066 446 2109 ec
476 2045 775 2129 cuiquam
812 2045 1038 2110 deinde
1073 2047 1342 2130 propius
1379 2046 1747 2112 incessendi
1776 2067 1921 2111 eum
1958 2044 2214 2110 animus
2251 2046 2401 2111 fuit:
2438 2046 2664 2131 procul

189 2136 288 2201 20
307 2133 525 2199 iacula
579 2135 986 2219 sagittasque
1041 2133 1410 2199 mittebant.
1507 2134 1633 2199 Ille
1689 2134 1770 2199 ad
1826 2156 2049 2200 omnes
2104 2135 2271 2200 ictus
2333 2135 2665 2220 expositus
2702 2154 2735 2201 9

305 2244 439 2287 non
485 2243 677 2307 aegre
723 2227 945 2288 tamen
990 2226 1327 2307 exceptum
1373 2223 1733 2307 poplitibus
1782 2245 2014 2308 corpus
2067 2224 2400 2306 tuebatur,
2462 2224 2665 2288 donec

307 2310 506 2377 Indus
555 2312 832 2377 duorum
879 2312 1250 2378 cubitorum
1297 2313 1615 2397 sagittam
1652 2348 1729 2358 —
1771 2333 2052 2397 namque
2096 2310 2305 2397 Indis,
2350 2315 2427 2377 ut
2472 2315 2666 2377 antea

304 2401 612 2485 diximus,
657 2401 852 2466 huius
901 2402 1373 2486 magnitudinis
1422 2402 1708 2486 sagittae
1747 2406 1933 2467 erant
1969 2438 2055 2449 —-
2093 2403 2190 2466 ita
2236 2402 2543 2483 excussit,
2588 2408 2667 2466 ut

305 2511 423 2573 per
484 2490 820 2555 thoracem
891 2492 1157 2575 paulum
1223 2512 1417 2575 super
1491 2490 1665 2555 latus
1736 2490 2035 2555 dextrum
2097 2491 2418 2576 infigeret.
2519 2490 2773 2566 Quom

303 2713 515 2768 ebenso
554 2720 603 2767 6.
645 2720 691 2768 1.
721 2720 772 2771 4.
805 2746 871 2755 -
901 2732 1092 2783 quam
1126 2718 1430 2786 9loriam.

307 2784 668 2839 Natfirlicher
710 2790 861 2840 ware
914 2802 1106 2854 quam
1157 2789 1242 2841 ad
1293 2787 1431 2855 910-

305 2858 510 2921 riam;
547 2854 692 2910 doch
728 2856 911 2911 bleibt
943 2856 1024 2911 im
1053 2857 1433 2927 abgekurzten

311 2925 908 2997 Vergleichungssatze
941 2927 1032 2982 die
1060 2926 1206 2998 Prap
1209 2928 1434 2997 osition,

307 3012 475 3049 wenn
519 2996 664 3049 auch
710 2998 917 3066 selten,
972 3014 1032 3053 so
1089 2999 1236 3054 doch
1282 2999 1434 3053 dann

301 3067 425 3120 und
460 3083 626 3121 wann
662 3083 812 3138 weg,
849 3086 892 3123 s.
923 3068 1037 3126 Cic.
1065 3071 1204 3126 tusc.
1245 3074 1294 3126 5.
1335 3076 1432 3138 9ος

307 3136 430 3193 Liv.
479 3143 563 3192 39.
613 3144 833 3207 28.11;
885 3140 1290 3196 rucksichtlich
1334 3140 1434 3195 der

307 3208 854 3281 Entgegenstellung
917 3227 1030 3266 von
1097 3212 1254 3278 fama
1315 3211 1432 3266 und

298 3281 490 3349 gloria
533 3280 647 3350 vgl.
696 3284 746 3334 8.
797 3288 842 3335 1.
896 3288 956 3349 1,
1003 3286 1053 3336 9.
1106 3288 1187 3336 10.
1236 3288 1324 3338 24.
1363 3314 1430 3323 -

301 3352 654 3434 in8i9uem.
721 3350 778 3405 S.
816 3358 867 3407 4.
897 3358 948 3408 4.
982 3357 1046 3406 19
1083 3355 1322 3424 insi9m‘s
1359 3356 1433 3409 ad

304 3437 636 3478 mmomam.

380 3497 432 3546 2.
461 3492 887 3548 dimicantem
913 3500 1104 3549 certe.
1157 3496 1434 3553 Aehnlich

303 3566 360 3616 3.
401 3566 452 3614 5.
491 3568 522 3615 5
569 3579 684 3617 uon
726 3566 790 3618 in
827 3567 944 3621 acie
987 3568 1192 3621 saltem.
1269 3568 1430 3623 Sinn.

309 3646 373 3685 er
426 3630 636 3687 konnte
691 3633 863 3689 kaum
916 3636 1133 3705 hoffen,
1187 3638 1318 3693 dass
1371 3655 1432 3693 er

307 3702 647 3771 wenigstens
686 3706 825 3760 eret
858 3708 1032 3761 nach
1073 3709 1228 3762 einer
1263 3709 1430 3763 wirk-

289 3778 505 3827 *samen
523 3772 872 3844 Gegenwehr
889 3778 1082 3833 seinen
1101 3779 1223 3834 Tod
1245 3779 1433 3835 finden

307 3844 512 3899 werde.
550 3876 618 3885 --
657 3847 793 3900 init
835 3864 1130 3929 pu9nam
1176 3851 1228 3905 d.
1268 3851 1323 3905 h.
1371 3867 1434 3906 er

304 3914 522 3970 konnte
569 3916 822 3985 sogleieh
865 3918 972 3974 mit
1016 3920 1146 3978 dem
1190 3921 1430 3991 Kampfe

305 3985 606 4055 beginnen.

381 4061 432 4110 4.
459 4058 701 4124 froude
734 4060 1029 4117 vestitos.
1086 4060 1191 4116 Die
1219 4062 1430 4117 Phrase

306 4126 504 4191 fronde
537 4131 756 4198 vestire,
791 4133 980 4187 vestiri
1013 4133 1118 4187 hat
1151 4132 1209 4187 Ο.
1248 4134 1431 4187 mehr-

305 4195 464 4265 fach,
503 4217 546 4255 z.
575 4200 637 4255 B.
670 4207 720 4256 ὖ.
751 4206 801 4255 4.
832 4208 882 4255 7.
938 4202 1127 4257 Durch
1155 4203 1255 4257 das
1289 4203 1428 4274 plpf.

307 4267 575 4323 obiecerat
627 4270 768 4325 wird
821 4272 912 4325 die
964 4272 1434 4330 Personifikation

1538 2716 1687 2771 noch
1706 2716 2059 2788 lebendiger,
2088 2718 2317 2773 ahnlich
2338 2724 2479 2774 9.19
2498 2718 2667 2772 valles

1537 2788 1908 2843 subsederant.
1965 2821 2032 2830 —
2088 2806 2165 2844 ne
2218 2791 2371 2844 circ.
2425 2794 2665 2859 posset.

1539 2858 1842 2913 Dieselben
1878 2857 2074 2916 Worte
2114 2860 2291 2915 sehon
2336 2866 2367 2925 ξ
2406 2866 2454 2913 3.
2529 2860 2669 2915 Hier

1540 2928 1668 2983 sind
1722 2928 1803 2984 sie
1858 2931 2012 2986 wohl
2065 2950 2132 2985 zu
2182 2930 2479 2986 streichen.
2560 2930 2667 2986 Die

1539 2998 1732 3055 dichte
1760 3000 2096 3057 Laubkrone
2125 3003 2379 3057 schtitzte
2416 3002 2516 3056 ihn
2552 3018 2667 3056 von

1541 3070 1686 3124 oben
1719 3070 1846 3137 her3
1894 3072 2003 3127 den
2039 3074 2272 3128 Rficken
2317 3073 2519 3127 deckte
2567 3072 2668 3127 der

1542 3141 1759 3195 Stamm
1795 3143 1911 3198 und
1947 3143 2037 3197 die
2074 3144 2261 3199 hinter
2295 3143 2416 3198 ihm
2453 3144 2669 3198 befind-

1539 3212 1687 3266 liche
1751 3211 1960 3270 Manet.
2062 3214 2253 3269 Etwas
2318 3216 2519 3269 andere
2583 3232 2668 3270 er-

1540 3283 1741 3338 zahlen
1758 3284 1960 3339 Arrian
1986 3285 2102 3340 und
2122 3284 2335 3341 Diodor
2358 3286 2460 3341 das
2480 3285 2667 3341 Aben-

1540 3358 1719 3409 tener.

1615 3430 1666 3479 7.
1704 3426 2045 3493 adflueret
2089 3427 2142 3481 d.
2184 3428 2221 3483 i.
2270 3428 2523 3497 frequens
2569 3429 2665 3482 ad-

1542 3502 1801 3551 curreret.
1873 3496 1969 3553 So
1993 3498 2278 3553 brauchen
2316 3500 2490 3554 schon
2528 3498 2665 3554 Sall.

1542 3584 1595 3621 ιι.
1636 3566 1758 3622 Liv.
1798 3567 1899 3621 das
1937 3568 2116 3625 Wort.

1612 3643 1663 3692 8.
1700 3640 1963 3708 eaecepit
1998 3640 2104 3694 wie
2142 3646 2192 3694 3.
2234 3646 2316 3696 11.
2357 3646 2417 3707 ὃς
2456 3646 2505 3694 6.
2538 3646 2585 3694 1.
2617 3646 2666 3695 6.

1612 3714 1663 3763 9.
1719 3712 2083 3779 expositus.
2168 3710 2299 3781 Vgl.
2354 3718 2403 3766 8.
2461 3716 2544 3765 14.
2597 3718 2665 3765 31

1540 3781 1821 3847 expositus
1855 3782 1931 3835 ad
1973 3783 2132 3837 ictuc.
2206 3782 2319 3836 Fur
2354 3798 2469 3837 ‘non
2510 3798 2669 3852 ae9re

1544 3849 1715 3905 ‘ohne
1762 3850 2115 3907 sonderliche
2151 3852 2345 3907 Mfihe'
2396 3854 2499 3907 hat
2534 3851 2669 3907 Cur-

1540 3920 1655 3975 tius
1679 3923 1879 3977 sonet
1862 3940 2062 3977 immer
2087 3924 2242 3979 haud
2268 3940 2441 3993 ae9re.
2486 3922 2666 3994 [Viel-

1538 3990 1718 4047 leicht
1742 3992 1819 4047 ist
1846 3995 2051 4064 eyre9ie
2076 3999 2260 4049 tamen
2286 4012 2354 4047 zu
2380 3996 2539 4049 lesen
2558 3995 2666 4049 wie

1541 4068 1591 4117 3.
1611 4068 1695 4117 11.
1711 4069 1857 4133 4e9r
1859 4081 1919 4134 ⁶9
1882 4065 2421 4189 yiemebantqup—
2436 4068 2631 4135 excip
2643 4066 2668 4119 i

1530 4134 1925 4215 poplitibus
2013 4134 2275 4189 Dieselbe
2364 4136 2528 4192 hrase
2572 4138 2667 4191 be-

1540 4203 1675 4257 reits
1722 4204 1869 4259 oben
1915 4210 2303 4260 6.1.14.-
2349 4213 2422 4262 ut
2468 4213 2671 4263 antea

1540 4275 1865 4341 diximus,
1902 4275 2152 4330 nttmlich
2188 4282 2238 4331 8.
2276 4282 2327 4330 9.
2367 4284 2454 4336 28.
