3069 4749
24 108 56 186 *Q

426 137 558 202 160
1331 135 1394 202 Q.
1437 134 1658 190 CURTI
1694 133 1867 190 RUFI

415 321 562 366 meo
607 299 967 383 periculum
1002 299 1238 364 vide0.'
1283 296 1446 364 Cum
1491 299 1722 364 bestiis
1770 298 1968 363 simul
2004 301 2071 362 et
2106 319 2254 363 cum
2290 300 2569 386 egregiis
2606 301 2767 367 viris

315 410 380 458 15
415 411 520 454 res
568 387 711 454 est'.
797 387 1192 472 Intuensque
1250 385 1545 472 Coenon,
1600 384 1787 452 ‘Cum
1845 385 2009 472 ego'‚
2066 387 2309 472 inquit,
2366 387 2767 456 ‘Ptolemaeo

413 477 842 561 Perdiccaque
904 480 972 541 et
1031 475 1520 560 Hephaestione
1587 476 1937 540 comitatus
2009 476 2079 540 in
2150 477 2404 541 laevum
2476 478 2767 544 hostium

417 573 616 631 cornu
670 567 985 650 impetum
1039 565 1252 632 fecero
1305 565 1671 649 viderisque
1728 586 1832 630 me
1886 565 1959 629 in
2013 565 2225 630 medio
2282 567 2511 632 ardore
2561 571 2765 634 certa-

415 656 640 739 minis,
694 656 833 739 ipse
886 655 1183 719 dextrum
1238 675 1426 720 move
1485 658 1553 720 et
1604 653 1886 719 turbatis
1934 653 2123 738 signa
2176 654 2358 720 infer.
2448 655 2573 740 Tu,
2631 656 2767 721 An·

415 744 666 828 tigene,
731 747 798 807 et
847 747 949 825 tu,
1013 742 1371 825 Leonnate,
1433 747 1502 806 et
1555 742 1842 827 Tauron,
1903 743 2300 808 invehemini
2360 744 2431 807 in
2484 743 2765 810 mediam

314 853 379 902 16
419 834 621 897 aciem
685 837 752 897 et
820 833 1136 916 urgebitis
1199 832 1502 896 frontem.
1608 830 1857 896 Hastae
1918 838 2183 896 nostrae
2244 833 2634 919 praelongae
2699 840 2767 900 et

416 922 669 986 validae
726 941 859 986 non
923 920 1088 985 alias
1151 921 1363 1004 magis
1430 942 1625 1004 quam
1696 920 2003 986 adversus
2066 920 2293 986 beluas
2355 926 2769 1007 rectoresque

416 1031 641 1074 earum
695 1010 842 1074 usui
901 1031 1040 1074 esse
1100 1012 1438 1093 poterunt:
1503 1009 1841 1074 deturbate
1906 1029 2044 1092 eos,
2110 1011 2219 1094 qui
2285 1010 2633 1096 vehuntur,
2697 1018 2765 1078 et

415 1099 592 1182 ipsas
647 1098 987 1163 confodite.
1077 1099 1336 1182 Anceps
1391 1118 1596 1182 genus
1652 1098 1881 1162 auxilii
1934 1103 2037 1162 est
2091 1103 2159 1162 et
2217 1100 2289 1163 in
2344 1121 2495 1166 suos
2552 1102 2763 1166 acrius

313 1207 380 1256 17
419 1187 594 1252 furit.
665 1186 744 1251 In
786 1186 1044 1252 hostem
1091 1187 1264 1251 enim
1309 1186 1613 1270 imperi0,
1658 1187 1725 1250 in
1774 1208 1923 1251 suos
1968 1209 2209 1271 pavore
2256 1189 2511 1272 agitur?
2583 1188 2763 1256 Haec

419 1277 714 1341 elocutus
761 1275 1045 1340 concitat
1089 1297 1323 1360 equum
1367 1277 1636 1359 primus.
1709 1274 1999 1360 Iamque,
2048 1280 2121 1340 ut
2165 1277 2561 1343 destinatum
2608 1287 2765 1363 erat,

418 1365 752 1429 invaserat
796 1365 1054 1429 ordines
1108 1363 1422 1448 hostium,
1477 1384 1624 1428 cum
1670 1360 1923 1428 Coenus
1978 1364 2227 1450 ingenti
2272 1368 2337 1431 vi
2390 1367 2459 1431 in
2504 1368 2761 1432 laevum

312 1473 376 1521 18
416 1474 616 1518 cornu
659 1453 1004 1518 invehitur.
1081 1452 1378 1517 Phalanx
1425 1473 1680 1536 quoque
1716 1452 1995 1516 mediam
2030 1453 2335 1519 Indorum
2381 1457 2586 1521 aciem
2630 1479 2761 1522 uno

412 1543 660 1625 impetu
697 1542 1006 1625 perrupit.
1081 1542 1174 1606 At
1201 1541 1427 1627 Porus,
1464 1563 1593 1625 qua
1620 1543 1903 1625 equitem
1937 1542 2153 1607 invehi
2187 1552 2495 1626 senserat,
2533 1545 2761 1611 beluas
2780 1544 2871 1608 49

411 1631 522 1714 agi
567 1631 786 1695 iussit:
833 1630 946 1695 sed
989 1631 1248 1695 tardum
1294 1635 1362 1696 et
1404 1652 1609 1714 paene
1654 1630 1968 1696 inmobile
2014 1632 2256 1697 animal
2301 1654 2613 1716 equorum
2659 1657 2761 1700 ve-

313 1740 377 1788 19
415 1719 752 1785 locitatem
809 1740 1082 1802 aequare
1135 1741 1270 1784 non
1321 1723 1596 1804 poterat.
1686 1719 1751 1784 N
1754 1740 1789 1784 e
1844 1721 2235 1803 sagittarum
2283 1721 2541 1806 quidem
2586 1723 2761 1788 ullus

414 1811 554 1873 erat
596 1808 892 1874 barbaris
929 1829 1104 1873 usus.
1174 1806 1426 1892 Quippe
1461 1808 1697 1892 longas
1734 1812 1801 1873 et
1835 1829 2253 1894 praegraves,
2297 1810 2429 1874 nisi
2473 1812 2653 1895 prius
2690 1813 2762 1877 in

411 1901 589 1961 terra
627 1900 990 1962 statuerent
1035 1918 1280 1980 arcum,
1325 1896 1500 1962 haud
1538 1897 1699 1962 satis
1738 1901 1889 1981 apte
1928 1900 1995 1962 et
2033 1899 2365 1964 commode
2410 1899 2757 1983 inponunt:

293 1989 302 1998 '
412 1991 556 2051 tum
600 1985 798 2051 humo
844 1986 1097 2051 lubrica
1133 1990 1200 2051 et
1237 1987 1322 2050 ob
1363 1985 1430 2050 id
1465 1986 1834 2071 inpediente
1871 1990 2174 2051 conatum
2212 1988 2553 2054 molientes
2589 1991 2757 2054 ictus

307 2095 374 2142 20
413 2075 744 2140 celeritate
790 2075 1078 2140 hostium
1125 2079 1538 2158 occupantur.

1624 2075 1807 2160 Ergo
1856 2081 2074 2158 spreto
2120 2077 2293 2162 regis
2349 2077 2619 2161 imperio
2666 2115 2759 2126 —-·

412 2163 582 2247 quod
635 2163 772 2228 fere
825 2163 930 2247 fit,
984 2164 1099 2227 ubi
1153 2164 1436 2228 turbatis
1491 2164 1704 2228 acrius
1759 2169 1969 2228 metus
2030 2185 2223 2247 quam
2269 2165 2396 2229 dux
2440 2167 2758 2250 imperare

411 2253 627 2335 coepit
683 2287 762 2299 —
819 2252 1096 2316 totidem
1153 2257 1340 2316 erant
1394 2253 1845 2336 imperatores,
1909 2258 2067 2335 quot
2120 2254 2382 2336 agmina
2438 2256 2754 2321 errabant.

304 2361 370 2411 21
412 2340 602 2406 Alius
649 2341 914 2425 iungere
959 2340 1189 2424 aciem,
1233 2340 1404 2405 alius
1452 2340 1765 2425 dividere,
1817 2345 1989 2405 stare
2037 2341 2299 2425 quidam
2348 2347 2414 2409 et
2456 2344 2755 2410 nonnulli

411 2429 804 2495 circumvehi
865 2433 1056 2514 terga
1119 2428 1409 2494 hostium
1473 2430 1803 2494 iubebant.
1901 2427 2088 2493 Nihil
2149 2430 2219 2494 in
2274 2434 2554 2498 medium
2609 2456 2757 2500 con·

406 2653 714 2711 Person’.
756 2654 870 2709 Der
885 2654 1060 2711 Mami
1079 2656 1255 2711 selbst
1273 2656 1525 2713 erschien

407 2732 626 2797 grosser
680 2726 782 2781 auf
840 2728 1050 2782 seinem
1112 2728 1299 2784 hohen
1357 2728 1524 2785 Sitze.

406 2798 514 2851 Zur
550 2794 766 2853 Constr.
814 2798 926 2869 vgl.
963 2804 1013 2855 4.
1053 2805 1101 2855 3.
1140 2804 1174 2853 8
1211 2801 1400 2870 aqyeri
1443 2801 1524 2855 la-

405 2870 696 2923 titudinem
732 2870 960 2926 adicere.

481 2955 562 3004 15.
599 2950 672 3005 in
707 2951 916 3005 medio
951 2951 1207 3005 ardore.
1273 2950 1348 3006 So
1376 2956 1426 3006 2.
1453 2958 1522 3007 38

405 3022 470 3075 in
513 3022 710 3076 ardore
749 3037 988 3091 puynae.
1069 3022 1155 3075 Im
1199 3022 1521 3091 Folgenden

407 3093 668 3147 erwartet
697 3108 830 3145 man
863 3092 972 3147 den
999 3095 1382 3162 sogenannten
1417 3093 1520 3147 im·

405 3164 582 3233 perat.
609 3162 712 3218 fut.
745 3162 969 3219 ‘moveto
995 3169 1046 3217 et
1071 3163 1320 3231 inferto’;
1348 3162 1522 3219 allein

406 3234 497 3288 die
552 3250 728 3304 ganzo
775 3233 950 3289 Stelle
995 3234 1072 3289 ist
1123 3234 1380 3304 poetisch
1425 3252 1521 3305 ge·

402 3305 572 3359 furbt.
613 3336 678 3343 —
721 3304 1056 3375 Antiyene
1103 3347 1116 3360 .
1165 3348 1178 3361 .
1230 3306 1520 3361 Tauron.

404 3376 609 3430 Arrian
634 3377 811 3429 neunt
839 3376 1124 3431 dieselben
1149 3377 1386 3444 Numen,
1418 3395 1524 3432 nur

406 3447 670 3501 Seleucus
709 3446 800 3500 fiir
833 3446 1168 3501 Leonnatus.
1242 3445 1523 3516 Dadureh,

405 3518 534 3573 dass
569 3518 726 3572 Alex.
765 3517 874 3572 den
909 3518 1242 3587 Hauptstoss
1277 3520 1381 3573 auf
1414 3519 1522 3573 den

405 3588 747 3644 feindlichen
778 3588 1016 3643 linken
1040 3590 1239 3660 Flugel
1265 3590 1522 3659 richtete,

405 3661 600 3715 suchte
649 3677 708 3715 er
749 3660 1012 3729 Fi’ihlung
1055 3661 1162 3715 mit
1205 3662 1331 3715 dem
1373 3662 1522 3716 noch

397 3731 606 3801 jenseit
676 3731 774 3785 des
845 3732 1066 3785 Flusses
1148 3732 1522 3787 befindlichen

405 3802 876 3873 Truppenkorper
921 3806 1026 3871 (13.
1065 3804 1155 3870 20)
1201 3822 1270 3857 zu
1314 3804 1522 3873 gewin-

402 3892 528 3929 nen.
557 3904 628 3913 —
655 3874 736 3927 Zu
760 3879 810 3927 et
845 3880 910 3927 tu
942 3873 1094 3928 beim
1122 3875 1370 3929 Vokativ
1405 3873 1518 3943 vgl.

405 3944 514 3999 Cic.
542 3944 662 3999 Cat.
693 3950 758 3999 7¹7
797 3944 987 4013 Set'ffl'o
1023 3951 1213 4027 tuque,
1251 3946 1310 4001 0.
1339 3945 1520 4013 Laeli,

405 4034 458 4069 u.
495 4015 614 4069 Liv.
655 4020 704 4069 5.
744 4021 828 4070 52.
869 4022 916 4071 7.

478 4101 560 4149 16.
609 4112 878 4164 anceps,
933 4096 1039 4151 wie
1091 4102 1120 4163 ἓ
1170 4103 1219 4163 7,
1279 4095 1522 4165 ‘gefflhr-

407 4164 520 4219 lich
555 4166 701 4219 nach
737 4166 943 4221 beiden
981 4166 1116 4222 Sinn
1155 4167 1299 4235 hin’,
1349 4167 1526 4222 daher

410 4234 718 4304 ‘pi-elram,
755 4237 1118 4293 misslich'.

481 4310 563 4358 17.
611 4309 688 4360 in
740 4308 1008 4363 laevum.
1092 4308 1404 4365 Vielmehr:
1459 4312 1526 4365 in

1632 2658 1900 2713 dextrum.
1990 2657 2099 2713 Ein
2161 2659 2407 2729 gleiches
2469 2661 2756 2719 Versehen

1631 2728 1843 2798 begeht
1878 2728 2099 2784 Curtius
2136 2736 2188 2784 4.
2229 2736 2311 2785 15.
2351 2738 2444 2799 203
2488 2740 2538 2787 6.
2577 2740 2629 2788 2.
2669 2740 2753 2791 13.

1705 2812 1788 2862 18.
1828 2810 2105 2876 animal,
2146 2810 2417 2868 collektiv
2447 2813 2553 2867 wie
2579 2814 2755 2869 unten
2784 2813 2786 2816 ’

1630 2884 1661 2945 ξ
1708 2885 1794 2935 23.
1880 2880 2065 2934 Ueber
2117 2880 2309 2937 diesen
2358 2882 2654 2939 Gebrauch
2707 2901 2754 2942 s.

1630 2949 1776 3015 Einl.
1815 2955 1845 3016 ξ
1881 2956 1916 3003 4
1943 2967 1993 3005 a.

1707 3027 1787 3075 19.
1834 3023 2194 3090 inponunt,
2248 3024 2451 3079 ebenso
2496 3026 2603 3081 wie
2653 3026 2753 3080 das

1628 3090 1891 3162 folgende
1972 3098 2314 3161 occupantur
2334 3137 2351 3163 ,
2422 3113 2753 3165 praesens

1629 3164 1863 3218 histor.
1905 3191 1969 3201 —-
2016 3167 2399 3218 statuerent
2446 3164 2525 3218 im
2572 3166 2750 3235 hypo-

1628 3231 1947 3287 thetischen
1992 3232 2431 3289 Zwischensatze
2477 3234 2553 3290 ist
2614 3236 2752 3291 ite·

1628 3322 1702 3358 ra
1715 3304 1816 3358 tiv
1853 3321 1920 3358 zu
1954 3303 2163 3371 fassen3
2200 3304 2539 3373 griechisch:
2582 3304 2637 3361 εἰ
2670 3305 2749 3378 μὴ

1634 3371 1727 3429 ἐπὶ
1762 3375 1863 3443 τῆς
1896 3374 1999 3443 γῆς
2034 3370 2405 3444 ἅπερείδοιεν.
2442 3406 2507 3415 -
2548 3394 2752 3433 cona-

1629 3452 1763 3500 tum
1923 3446 2255 3513 Anstand,
2305 3448 2587 3516 Ansatz‚
2642 3449 2752 3507 wie

1632 3516 1812 3571 dieser
1862 3518 2066 3588 nothig
2117 3532 2233 3573 war
2287 3536 2412 3573 zum
2466 3519 2750 3576 Anziehen

1630 3588 1732 3642 der
1802 3588 2125 3659 machtigen
2192 3588 2614 3660 Bogensehnen.
2678 3622 2748 3631 -—

1630 3659 1975 3715 molientes
2000 3660 2036 3715 i.
2068 3675 2113 3714 e.
2146 3676 2267 3714 cum
2294 3678 2461 3730 opera
2488 3668 2539 3717 et
2566 3664 2753 3718 labore

1621 3731 1976 3799 perficientes.
2050 3730 2178 3800 Vgl.
2218 3738 2267 3785 3.
2308 3738 2390 3787 11.
2434 3740 2517 3789 15.

1701 3816 1785 3865 20.
1811 3812 2043 3865 acrius
2071 3854 2083 3866 .
2106 3854 2118 3867 .
2147 3813 2507 3881 imperare,
2536 3813 2749 3883 eigent-

1629 3881 1770 3935 lich:
1848 3880 2242 3937 ebieterischer
2272 3883 2504 3939 Befehle
2541 3884 2745 3939 erthei-

1632 3952 1739 4007 len.
1849 3952 1963 4006 reie
1993 3951 2435 4025 Uebersetzung:
2469 3972 2629 4009 wenn
2655 3956 2749 4009 die

1630 4024 1690 4077 in
1717 4022 2075 4095 Verwirrung
2110 4026 2455 4095 gebrachten
2483 4026 2747 4096 Truppen

1632 4097 1791 4149 mehr
1834 4094 2011 4149 heren
2057 4096 2159 4150 auf
2198 4096 2289 4151 die
2342 4096 2748 4166 gebieterische

1633 4165 1869 4221 Stimme
1906 4166 2007 4221 der
2042 4166 2277 4234 Furcht,
2315 4169 2399 4221 als
2435 4168 2535 4222 auf
2568 4170 2672 4223 etc.

1704 4242 1789 4291 21.
1835 4239 1908 4291 in
1952 4238 2249 4293 medium.
2332 4238 2405 4294 So
2452 4242 2581 4309 sagt
2626 4238 2747 4293 Sal-

1630 4308 1771 4363 lust:
1808 4310 1873 4362 in
1910 4310 2145 4364 medium
2181 4310 2501 4365 consultare.
2555 4306 2749 4364 Aehn-
