3069 4749
821 177 1320 230 ms'rossumm
1354 176 1778 229 ALEXANDRI
1813 178 1914 247 111,
1953 180 2036 231 12.
2079 182 2162 231 13.

2541 177 2671 241 105

319 339 596 424 veritus,
656 358 739 403 ne
792 338 1085 422 paucitas
1143 359 1404 403 suorum
1472 340 1918 421 sperneretur,
1973 359 2296 404 accersere
2359 338 2670 405 maiorem

322 450 583 494 manum
634 426 881 492 statuit.
976 424 1100 492 Sed
1153 426 1321 491 forte
1376 427 1447 491 in
1500 427 1945 509 exploratores
2003 426 2084 492 ab
2141 448 2218 492 eo
2271 428 2668 510 praemissos
2705 448 2742 498 2

319 516 554 583 incidit
596 517 861 581 natione
905 514 1195 599 Mardus,
1250 515 1362 599 qui
1414 514 1498 580 ad
1543 514 1979 581 Parmeniona
2023 516 2369 598 perductus
2415 515 2668 581 litteras

322 606 404 671 ad
468 603 909 670 Alexandrum
976 625 1015 668 a
1076 602 1405 687 praefecto
1471 602 1779 669 Damasci
1847 605 2082 669 missas
2146 604 2346 669 tradit
2421 604 2478 669 ei
2549 626 2668 671 nec

322 694 621 760 dubitare
666 715 832 775 eum,
878 691 1037 777 quin
1084 714 1343 758 omnem
1389 692 1639 775 regiam
1685 692 2155 776 supellectilem
2205 714 2347 758 cum
2393 694 2669 777 pecunia

321 782 627 865 traderet,
676 781 929 847 adiecit.
1019 780 1363 854 Parmenio
1412 779 1742 845 adservari
1788 804 1863 847 eo
1909 780 2089 847 iusso
2137 781 2392 847 litteras
2440 783 2666 867 aperit,
2704 802 2738 852 s

322 872 395 935 in
437 871 581 955 quis
638 872 777 937 erat
835 870 1178 954 scriptum,
1232 872 1307 934 ut
1362 872 1614 933 mature
1669 868 2042 935 Alexander
2097 870 2376 955 aliquem
2431 891 2509 935 ex
2555 869 2668 935 du-

323 960 509 1027 cibus
572 959 707 1025 suis
781 958 1071 1023 mitteret
1146 980 1293 1023 cum
1356 980 1554 1023 manu
1629 958 1888 1043 exigua,
1961 959 2064 1024 oui
2123 961 2418 1037 traderet,
2489 979 2668 1041 quae-

325 1069 597 1132 cumque
657 1068 771 1111 rex
832 1068 1029 1131 penes
1091 1047 1305 1132 ipsum
1367 1045 1758 1130 reliquisset.
1837 1048 2067 1133 Itaque
2129 1046 2428 1113 Mardum
2497 1048 2667 1112 datis

324 1137 671 1203 comitibus
728 1136 809 1201 ad
866 1135 1267 1221 proditorem
1320 1136 1613 1201 remittit.
1702 1135 1821 1201 Ille
1867 1158 1903 1199 e
1950 1137 2250 1201 manibus
2305 1136 2667 1204 custodien—
2703 1158 2740 1206 4

321 1225 488 1290 tium
532 1227 753 1309 lapsus
800 1223 1198 1290 Damascum
1244 1228 1396 1289 ante
1437 1225 1649 1289 lucem
1693 1223 1916 1289 intrat.
1995 1223 2398 1290 Turbaverat
2442 1248 2518 1291 ea
2564 1247 2668 1291 res

320 1312 772 1379 Parmenionis
829 1314 1115 1377 animum
1168 1312 1434 1378 insidias
1498 1313 1790 1379 timentis
1856 1316 1924 1377 et
1974 1313 2274 1399 ignotum
2337 1312 2464 1379 iter
2529 1314 2667 1379 sine

323 1402 483 1469 duce
526 1424 661 1469 non
706 1401 987 1468 audebat
1032 1401 1301 1486 ingredi.
1381 1400 1710 1466 Felicitati
1756 1404 1977 1468 tamen
2023 1402 2194 1485 regis
2241 1402 2340 1467 sui
2387 1402 2668 1469 confisus

322 1495 635 1576 agrestes,
680 1490 791 1575 qui
839 1491 1031 1556 duces
1076 1490 1333 1555 itineris
1379 1492 1616 1572 essent,
1660 1490 1868 1574 excipi
1914 1490 2124 1555 iussit.
2213 1488 2464 1567 Quibus
2509 1492 2669 1556 cele-

317 1581 477 1645 riter
520 1580 794 1663 repertis
832 1583 1066 1663 quarto
1114 1579 1215 1643 die
1244 1579 1337 1643 ad
1372 1579 1602 1643 urbem
1637 1580 1934 1663 pervenit
1959 1580 2092 1644 iam
2119 1584 2448 1645 metuente
2483 1601 2667 1664 prae·

316 1668 505 1752 fecte,
556 1688 639 1733 ne
686 1668 815 1733 sibi
859 1668 1019 1733 fides
1066 1667 1293 1733 habita
1338 1688 1474 1734 non
1522 1670 1710 1733 esset.
1766 1667 1977 1753 Igitur
2023 1670 2209 1753 quasi
2253 1690 2482 1754 parum
2530 1690 2667 1733 mu·
2705 1689 2740 1738 5

316 1757 627 1822 nimentis
674 1756 897 1841 oppidi
941 1756 1151 1821 fidens
1198 1759 1349 1821 ante
1403 1756 1560 1821 solis
1617 1760 1830 1822 ortum
1887 1758 2230 1841 pecuniam
2283 1758 2534 1842 regiam
2585 1794 2661 1805 --

318 1866 548 1930 gazam
584 1845 823 1911 Persae
868 1849 1105 1911 vocant
1131 1882 1217 1891 -
1248 1865 1395 1909 cum
1439 1843 1929 1928 pretiosissimis
1964 1867 2180 1909 rerum
2221 1845 2431 1910 efferri
2468 1846 2668 1931 iubet,

209 1934 297 1999 34
316 1934 543 2019 fugam
608 1935 951 2018 simulam,
1004 1956 1075 1998 re
1130 1954 1283 1999 vera
1291 1984 1309 2018 ‚
1362 1936 1439 1998 ut
1490 1933 1800 2017 praedam
1851 1933 2034 1999 hosti
2071 1934 2368 1998 offerret.
2455 1932 2666 2000 Multa
2703 1955 2737 2004 6

318 2023 499 2088 milia
543 2022 830 2088 virorum
886 2022 1402 2107 feminarumque
1460 2022 1872 2087 excedentem
1927 2022 2168 2107 oppido
2217 2023 2667 2108 sequebantur,

318 2112 619 2176 omnibus
665 2111 1053 2177 miserabilis
1098 2112 1295 2176 turba
1339 2115 1595 2194 praeter
1647 2132 1820 2195 eum,
1877 2112 2059 2176 cuius
2115 2109 2266 2176 fidei
2321 2111 2668 2176 commissa

318 2202 476 2265 erat.
550 2198 800 2283 Quippe
839 2222 967 2285 quo
1005 2199 1213 2264 maior
1248 2198 1636 2284 proditionis
1673 2221 1918 2265 merces
1967 2198 2153 2283 foret,
2199 2199 2453 2265 obicere
2490 2200 2668 2265 hosti

317 2289 599 2372 parabat
642 2289 997 2373 gratiorem
1044 2288 1220 2353 omni
1266 2289 1543 2372 pecunia
1579 2289 1906 2374 praedam,
1950 2288 2206 2354 nobiles
2245 2289 2438 2373 viros,
2483 2310 2668 2372 prae-

314 2381 535 2443 torum
563 2376 760 2443 Darei
788 2379 1095 2462 coniuges
1123 2378 1510 2463 liberosque,
1549 2382 1805 2463 praeter
1832 2379 1954 2444 hos
1977 2376 2372 2444 Graecarum
2406 2379 2666 2444 urbium

316 2466 596 2552 legatos,
643 2489 804 2552 quos
841 2466 1115 2552 Dareus,
1152 2467 1331 2530 velut
1372 2467 1445 2532 in
1480 2488 1629 2532 arce
1664 2467 2014 2550 tutissima,
2059 2467 2130 2531 in
2174 2467 2532 2552 proditoris
2571 2489 2666 2532 re-

314 2639 598 2695 verderbt.
670 2639 1003 2695 Aufserdem
1064 2639 1281 2696 erzahlt
1334 2658 1443 2694 nur

318 2710 543 2766 Curtius
564 2710 655 2765 die
666 2710 979 2766 Einnahme
998 2727 1108 2766 von
1124 2710 1441 2766 Damaskus

318 2781 691 2848 ausfi’ihrlich3
746 2781 948 2836 Arrian
1010 2783 1127 2836 und
1169 2782 1440 2836 Plutarch

318 2850 544 2906 melden
600 2870 707 2908 nur
750 2869 893 2921 ganz
938 2853 1076 2907 kurz
1134 2852 1225 2908 die
1270 2851 1441 2907 That-

320 2923 506 2979 sache.
526 2925 1138 2991 praecessisse,vom
1152 2923 1439 2978 Schlacht·

320 2993 472 3048 felde
526 3010 627 3047 aus
643 2999 694 3063 ἱ),
749 3000 1103 3064 satrapam
1156 2994 1440 3048 identisch

319 3062 429 3119 mit
440 3065 570 3118 dem
585 3070 615 3131 ἓ
627 3071 658 3118 2
677 3063 1441 3135 erwahntenpraefectas?

397 3158 447 3208 2.
485 3155 765 3208 natione
794 3155 1112 3220 Mardm,
1152 3159 1326 3210 etwas
1346 3171 1441 3209 an-

324 3223 455 3278 ders
492 3231 541 3280 6.
585 3229 613 3276 1
658 3231 775 3280 nat.
814 3225 1102 3280 Acarnan.
1142 3255 1208 3266 --
1248 3227 1442 3280 dubi-

325 3298 487 3418 ξαὲε.
513 3281 694 3418 1ng²
729 3295 822 3349 die
857 3294 1125 3352 Verbind.
1162 3297 1272 3350 mit
1305 3297 1442 3367 quin

399 3457 449 3508 8.
495 3455 854 3510 adservari
897 3470 965 3509 eo
1008 3441 1193 3510 iusso
1236 3453 1343 3509 wie
1389 3460 1441 3510 4.

332 3527 414 3578 13.
437 3531 504 3580 37
542 3525 827 3581 adservari
862 3528 1159 3608 transfupa
1192 3527 1357 3582 iusso.
1374 3556 1441 3564 -

323 3611 525 3662 penes
560 3597 774 3664 ipsum
812 3622 881 3642 ==
917 3597 975 3650 in
1014 3614 1196 3651 semer
1234 3596 1439 3651 Obhut.

329 3664 457 3734 Vgl.
486 3673 535 3721 8.
565 3673 615 3722 4.
647 3673 714 3720 22
753 3684 807 3722 11.
839 3668 993 3723 Caes.
1034 3669 1087 3724 b.
1125 3684 1170 3722 c.
1206 3674 1252 3723 1.
1282 3671 1368 3722 87.
1411 3672 1438 3720 1

328 3747 465 3804 quae
489 3738 603 3791 sint
628 3753 797 3807 penes
824 3739 1021 3793 milites
1047 3753 1189 3794 suos.
1217 3769 1281 3777 —
1308 3739 1439 3792 ita-

327 3823 445 3875 que
488 3808 542 3861 d.
590 3809 645 3862 h.
693 3810 860 3862 unter
908 3810 1134 3864 solchen
1179 3807 1439 3863 Umstan-

328 3877 462 3946 den,
502 3879 575 3932 da
613 3878 713 3932 der
738 3877 931 3934 Inhalt
967 3881 1066 3934 des
1094 3880 1308 3934 Briefes
1334 3879 1443 3932 mit

326 3947 434 4002 den
468 3950 762 4020 Aussagen
808 3950 906 4004 des
943 3951 1174 4004 Mannes
1221 3950 1443 4020 (adiecit

328 4023 357 4083 5
396 4023 450 4088 2)
488 4019 989 4077 fibereinstimmte.

397 4131 448 4180 4.
498 4125 660 4194 Ille,
698 4127 1083 4183 adversatives
1118 4127 1443 4196 Asyndeton

327 4195 415 4250 fur
442 4203 503 4252 at
520 4199 630 4253 ine.
647 4228 715 4238 —
736 4203 891 4254 ante
919 4200 1121 4254 lucem
1140 4200 1262 4253 also
1280 4200 1445 4252 unter

330 4265 455 4322 dem
494 4268 735 4324 Schutzs
770 4270 868 4324 des
898 4269 1256 4325 nachtlichen
1290 4268 1443 4322 Dun-

330 4337 467 4396 kels.
523 4325 676 4396 Uber
712 4341 904 4410 lapsus
940 4365 1009 4386 ε-
1045 4341 1261 4410 elapsas
1297 4358 1339 4396 s.
1376 4339 1440 4394 Ε.

1549 2645 1636 2695 37.
1673 2670 1746 2680 --
1780 2641 2200 2706 turbaverat,
2235 2640 2407 2695 naml.
2435 2640 2668 2710 anfang-

1547 2709 1688 2779 fich,
1759 2709 1878 2764 ffirs
1947 2711 2114 2764 erste.
2188 2741 2261 2751 —
2331 2711 2669 2779 felicitati

1546 2786 1766 2836 tamen
1801 2782 1980 2848 reqis
2016 2781 2339 2848 confisus.
2394 2779 2510 2836 Das
2530 2781 2666 2835 Ver-

1546 2855 1748 2908 trauan
1793 2851 1894 2905 auf
1933 2851 2279 2906 Alexanders
2323 2850 2505 2907 Glu'ick
2551 2853 2666 2906 hob

1548 2923 1650 2977 ihn
1685 2923 1823 2976 fiber
1860 2922 1959 2976 das
1999 2921 2146 2976 erste
2182 2921 2663 2991 Bedenken'weg;

1549 2994 1650 3048 das
1695 2993 1890 3047 zweite
1933 2993 2125 3048 warde
2180 2992 2357 3047 durch
2413 2992 2504 3045 die
2559 2991 2665 3048 fol·
2756 3009 2762 3016 ·

1550 3065 1734 3132 gende
1771 3063 2070 3133 Massregel
2108 3063 2385 3134 gehoben.

1623 3140 1676 3190 5.
1715 3135 1758 3188 I
1763 3137 1975 3206 qitur,
2013 3133 2175 3188 nicht
2202 3134 2303 3189 auf
2326 3133 2420 3188 die
2456 3133 2667 3189 letzten

1550 3207 1763 3272 Worte‚
1793 3206 2033 3261 sondern
2059 3205 2161 3259 auf
2187 3207 2435 3273 pervenit
2458 3207 2667 3275 beziig·

1549 3276 1694 3342 lich3
1735 3276 1836 3330 das
1871 3276 1963 3331 fiir
1988 3276 2098 3331 den
2124 3276 2250 3330 Fall
2285 3276 2386 3331 der
2411 3275 2670 3332 Ankunft

1553 3348 1651 3401 der
1668 3345 2026 3402 Macedonier
2052 3363 2185 3402 vom
2207 3347 2544 3402 Statthalter
2563 3347 2665 3402 Be-

1551 3419 1872 3474 schlossene
1925 3419 2058 3472 kam
2091 3436 2227 3472 .nun
2272 3437 2370 3472 zur
2422 3418 2666 3473 Ausffih-

1549 3507 1714 3641 {333
1748 3519 1839 3614 ξῐ.
1854 3490 2668 3630 “02⁶353’ff33‘ff11252f133151253

1551 3647 1706 3684 emer
1759 3629 2108 3699 Gegenwehr
2165 3631 2531 3688 verzweifele.
2599 3661 2665 3672 --

1549 3717 1794 3770 yazam.
1879 3701 2038 3756 Oben
2095 3707 2178 3756 12.
2231 3708 2299 3757 27
2357 3703 2510 3757 steht
2565 3703 2666 3757 das

1549 3773 1716 3826 Wort
1760 3771 1906 3826 ohne
1952 3773 2179 3828 weitere
2225 3773 2558 3842 Erklarung.
2597 3801 2662 3812 -

1549 3859 1769 3897 reram
1819 3861 1862 3896 s.
1909 3848 1958 3899 8.
2001 3849 2084 3898 12.
2158 3831 2486 3898 Ubersetzez
2541 3859 2662 3898 son-

1551 3912 1698 3982 stige
1735 3912 2189 3971 Kostbarkeiten.

1625 3991 1673 4040 6.
1712 3990 2088 4054 praetores,
2125 3983 2490 4054 allgemeiner
2526 3983 2662 4038 Aus-

1552 4055 1730 4110 druck
1754 4055 1846 4108 fiir
1865 4056 1956 4110 die
1979 4055 2319 4110 Statthalter
2339 4049 2664 4122 (σατράπαι)

1549 4127 1662 4180 und
1683 4126 1989 4180 Feldherrn
2016 4122 2297 4195 (κᾶρανοι,
2326 4125 2486 4180 duce-3
2504 4130 2555 4179 4.
2579 4129 2664 4179 14.

1551 4203 1620 4252 22
1651 4215 1703 4253 u.
1734 4199 1825 4265 δ.).
1860 4227 1927 4238 -
1965 4200 2038 4252 in
2073 4213 2222 4252 arce
2260 4236 2308 4251 ..
2345 4197 2419 4250 in
2454 4197 2667 4250 mani-

1551 4269 1706 4334 bu8,
1769 4269 2176 4336 Vermischung
2238 4265 2669 4324 verschiedener

1551 4337 1901 4408 Metaphern.
