3069 4749
305 881 377 931 34

308 1145 374 1196 35
412 1124 662 1189 tabant.

308 2120 375 2171 38

410 164 545 229 114

1328 168 1392 229 Q.
1432 166 1650 217 CURTI
1683 166 1860 217 RUFI

411 330 620 408 verat,
673 330 897 406 tamen
940 327 1237 409 palantes
1293 328 1359 390 et
1401 325 1714 391 victoriae
1777 324 2016 391 fiducia
2069 326 2368 409 incautos
2424 330 2761 393 ostentans

410 414 712 500 perpulit,
754 437 838 479 ne
886 414 1264 479 dubitarent
1308 435 1385 478 ex
1432 414 1592 478 urbe
1629 436 1965 499 erumpere
2011 419 2079 479 et
2121 436 2226 479 res
2275 415 2546 479 amissas
2585 438 2760 483 recu-

304 525 374 583 33
411 526 653 588 perare.
744 502 822 566 Id
889 503 1227 567 consilium
1280 524 1416 567 non
1476 502 1730 568 ratione
1790 503 2203 588 prudentius,
2265 525 2460 587 quam
2526 508 2764 571 eventu

412 592 661 657 felicius
707 591 860 656 fuit:
909 592 989 655 ad
1034 613 1239 657 unum
1284 612 1507 657 omnes
1555 613 1704 656 cum
1749 592 1892 675 ipso
1940 591 2100 658 duce
2147 592 2344 656 occisi
2389 598 2560 657 sunt.
2619 592 2762 659 Has

410 703 655 766 poenas
701 678 1025 763 Amyntas
1072 680 1329 765 utrique
1375 680 1514 765 regi
1561 679 1758 763 dedit,
1804 680 2014 745 nihilo
2053 680 2267 764 magis
2313 680 2391 764 ei,
2439 682 2522 745 ad
2570 704 2764 768 quem

412 770 876 853 transfugerat,
920 768 1108 853 fidus,
1156 791 1352 855 quam
1399 768 1514 852 illi,
1565 790 1757 853 quem
1803 768 2194 833 deseruerat.

548 901 553 906 -
591 858 788 922 Darei
823 860 1177 941 praetoreS,
1223 858 1333 941 qui
1377 858 1624 941 proelio
1673 858 1846 941 apud
1880 855 2072 921 Isson
2111 861 2580 941 superfuerant,
2617 880 2764 923 cum
2794 860 2838 925 6

414 946 592 1011 omni
637 968 853 1029 manu,
900 968 1065 1031 quae
1110 946 1437 1031 fugientes
1484 949 1709 1011 secuta
1754 950 1914 1030 erat,
1960 946 2308 1029 adsumpta
2355 946 2552 1011 etiam
2599 944 2765 1032 Gap-

412 1035 735 1119 padocum
783 1038 847 1098 et
891 1034 1388 1119 Paphlagonum
1433 1034 1770 1099 iuventute
1807 1032 2086 1118 Lydiam
2131 1056 2510 1117 recuperare
2554 1038 2765 1119 temp-

750 1122 1149 1207 Antigonus,
1205 1126 1471 1207 praetor
1514 1122 1900 1207 Alexandri,
1953 1122 2203 1207 Lydiae
2264 1126 2588 1206 praeerat:
2653 1124 2766 1208 qui

414 1233 805 1298 quamquam
841 1214 1186 1297 plerosque
1224 1212 1510 1277 militum
1551 1234 1629 1275 ex
1664 1212 2007 1296 praesidiis
2046 1211 2126 1275 ad
2163 1232 2381 1296 regem
2412 1211 2766 1297 dimiserat,

414 1304 635 1365 tamen
669 1301 969 1366 barbaris
1010 1301 1243 1384 spretis
1279 1301 1346 1365 in
1394 1301 1602 1365 aciem
1641 1323 1792 1366 suos
1840 1300 2078 1365 eduxit.
2150 1298 2399 1365 Eadem
2435 1300 2573 1364 illic
2609 1323 2763 1386 quo-

414 1411 537 1473 que
572 1389 837 1453 fortuna
875 1390 1159 1473 partium
1195 1388 1349 1453 fuit:
1385 1390 1595 1455 tribus
1634 1389 1898 1473 proeliis
1937 1390 2072 1471 alia
2104 1392 2296 1473 atque
2335 1390 2464 1453 alia
2493 1390 2759 1472 regione

304 1500 374 1549 36
412 1478 781 1543 commissis
835 1476 1070 1542 Persae
1125 1477 1502 1543 funduntur.
1594 1476 1844 1543 Eodem
1907 1482 2198 1561 tempore
2265 1478 2496 1542 classis
2549 1476 2762 1541 Mace-

413 1567 652 1649 donum
693 1588 770 1631 ex
809 1565 1081 1631 Graecia
1118 1566 1327 1631 accita
1355 1564 1836 1651 Aristomenen,
1865 1566 1974 1651 qui
2014 1568 2095 1631 ad
2133 1566 2544 1651 Hellesponti
2577 1588 2760 1630 oram

400 1654 898 1739 ‚reciperandam
948 1678 987 1720 a
1032 1655 1245 1721 Dareo
1294 1659 1435 1720 erat
1479 1655 1737 1737 missus,
1783 1656 1993 1739 captis
2031 1656 2170 1721 eius
2209 1658 2324 1720 aut
2367 1654 2608 1719 eversis
2646 1676 2765 1718 na·
2803 1702 2822 1721 .

306 1766 374 1815 37
411 1744 603 1809 vibus
650 1747 931 1828 superat.
996 1742 1056 1808 A
1106 1743 1377 1809 Milesiis
1424 1744 1654 1810 deinde
1691 1744 2174 1829 PharnabazuS,
2213 1743 2576 1827 praefectus
2611 1742 2762 1807 Per-

417 1833 584 1899 sicae
651 1833 904 1917 classiS,
967 1832 1245 1918 pecunia
1309 1837 1538 1898 exacta
1601 1837 1667 1898 et
1719 1834 2042 1917 praesidio
2107 1833 2178 1898 in
2239 1834 2466 1900 urbem
2526 1830 2764 1897 Chium

412 1921 786 1987 introducto
844 1927 1103 1987 centum
1157 1922 1428 1988 navibus
1487 1922 1783 1987 Andrum
1841 1926 1906 1987 ct
1967 1922 2119 1987 inde
2175 1920 2496 2004 Siphnum
2553 1920 2766 2004 petiit.

413 2008 554 2077 Has
602 2031 857 2095 quoque
902 2011 1151 2076 insulas
1197 2011 1538 2095 praesidiis
1587 2008 1878 2094 occupat,
1922 2010 2196 2093 pecunia
2241 2012 2496 2075 multat.

591 2097 977 2183 Magnitudo
1015 2099 1195 2182 belli,
1233 2099 1407 2182 quod
1444 2100 1525 2163 ab
1565 2099 2079 2182 opulentissimis
2107 2098 2412 2181 Europae
2440 2096 2763 2179 Asiaeque

413 2187 679 2272 regibus
739 2188 809 2251 in
870 2208 1054 2270 spem
1108 2187 1311 2251 totius
1374 2186 1551 2250 orbis
1609 2185 1966 2270 occupandi
2021 2185 2395 2269 gerebatur,
2452 2182 2763 2250 Graeciae

310 2297 377 2347 39
417 2296 670 2361 quoque
718 2277 783 2337 et
828 2271 1059 2349 Cretae
1107 2296 1291 2337 arma
1336 2276 1794 2338 commoverat.
1874 2274 2058 2357 Agis,
2101 2272 2766 2340 Lacedaemoniorum

414 2385 549 2446 rex,
596 2364 742 2428 octo
788 2360 1055 2426 milibus
1095 2360 1509 2446 Graecorum,
1557 2361 1668 2447 qui
1717 2384 1796 2426 ex
1831 2358 2061 2427 Cilicia
2098 2349 2360 2446 profugi
2397 2360 2624 2426 domos
2661 2384 2767 2428 re-

414 2452 767 2536 petierant,
812 2450 1167 2522 contractis
1212 2449 1459 2515 bellum
1505 2449 1887 2535 AntipatrO,
1940 2449 2361 2516 Macedoniae
2415 2450 2768 2535 praefect0,

310 2563 380 2611 40
416 2538 825 2604 moliebatur.
914 2535 1256 2604 Cretenses
1302 2537 1423 2604 has
1471 2541 1590 2604 aut
1631 2539 1779 2603 illas
1833 2542 2055 2622 partes
2103 2539 2310 2604 secuti
2351 2561 2526 2606 nunc
2574 2537 2768 2622 Spar-

418 2835 645 2891 Beisatz
672 2834 779 2890 wie
798 2841 1027 2906 praetor
1053 2837 1250 2893 Darei.
1290 2837 1343 2892 S.
1364 2839 1545 2892 unten

420 2915 471 2965 7.
508 2913 544 2961 4
580 2907 854 2973 Mazaces,
886 2913 1114 2976 praetor
1149 2909 1348 2964 Darei.

492 2985 577 3044 33.
624 2995 755 3034 non
789 2981 1059 3034 ratione
1088 3019 1102 3034 .
1136 3021 1148 3034 .
1176 2980 1331 3046 fuit.
1370 2965 1544 3034 Uber-

421 3052 603 3105 setze:
638 3049 868 3104 ‘ebenso
898 3048 1192 3120 glt'icklich
1210 3050 1546 3120 ausgefi'ihrt

420 3121 505 3176 als
541 3119 683 3190 klug
722 3121 1041 3174 ersonnen’.
1066 3151 1127 3162 -
1150 3122 1374 3176 nihilo
1408 3138 1544 3176 ma-

419 3192 524 3262 yis
568 3193 674 3246 etc.
748 3190 917 3246 Diese
962 3191 1161 3248 Worte
1214 3191 1544 3261 begrfinden

422 3261 521 3316 das
562 3261 1027 3331 vorhergehende
1064 3264 1451 3336 utriquereyi.

492 3339 579 3388 34.
628 3334 1118 3401 superfuerant
1154 3359 1223 3378 ==
1264 3333 1548 3389 ‘fiberlebt

420 3403 667 3458 hatten
680 3403 720 3472 ⁹,
740 3403 945 3458 ebenso
968 3404 1235 3460 statthaft
1254 3404 1337 3458 als
1356 3421 1545 3474 super-

424 3479 599 3529 erant.
667 3504 733 3513 —
798 3473 1107 3544 Lydiam.
1178 3475 1299 3528 Nur
1347 3475 1405 3532 Ο.
1444 3476 1548 3530 hat

426 3545 579 3600 diese
599 3543 783 3614 Notis,
814 3543 961 3599 doch
990 3544 1211 3600 stimmt
1231 3547 1311 3600 sie
1340 3565 1407 3600 zu
1436 3544 1548 3601 den

425 3615 801 3686 allgemeinen
838 3614 1255 3687 Andeutungen
1303 3616 1546 3675 Diodors

426 3693 509 3746 17.
540 3693 627 3742 48.
659 3693 707 3740 6.
756 3687 919 3742 Nach
945 3688 1069 3744 Arr.
1090 3705 1208 3744 war
1226 3689 1548 3758 Antigonus

426 3758 767 3814 Statthalter
830 3775 944 3814 von
1005 3757 1309 3829 Phrygien.
1396 3747 1549 3814 Uber

424 3835 749 3900 temptare
784 3845 831 3884 c.
868 3829 1021 3884 infin.
1060 3847 1102 3884 s.
1140 3830 1206 3884 Ε.
1247 3836 1368 3886 118.

494 3907 583 3956 35.
650 3901 991 3970 partium,
1048 3898 1148 3956 der
1204 3901 1549 3957 streitenden

424 3972 689 4028 Parteien
705 3971 839 4026 oder
857 3971 1071 4040 ihrer,
1100 3972 1199 4028 der
1218 3973 1550 4042 persischen

425 4043 632 4110 Partei‚
670 4043 777 4098 wie
815 4047 864 4098 8.
908 4048 1101 4098 13?-
1130 4044 1276 4098 alia
1312 4061 1364 4099 a.
1404 4044 1552 4098 alia

428 4134 471 4169 s.
499 4115 562 4168 E.
587 4119 706 4183 148,
745 4114 883 4168 fiber
921 4115 1031 4168 den
1066 4111 1284 4168 blossen
1317 4113 1550 4169 Ablativ

429 4186 491 4239 E.
529 4190 599 4239 94
634 4185 797 4240 Amn.
1158 4249 1163 4252 Ι

502 4261 588 4310 36.
651 4256 1139 4310 Aristomenen.
1197 4253 1359 4308 Auch
1398 4252 1552 4308 diese

431 4324 667 4392 Angabe
702 4343 809 4380 nur
842 4326 939 4381 bei
976 4327 1035 4382 C.
1064 4357 1131 4367 —
1164 4327 1428 4382 eversis,
1478 4326 1552 4381 So

1653 2837 1829 2892 sehon
1863 2836 1958 2892 bei
1995 2835 2106 2892 Cic.
2143 2838 2459 2894 naviculam
2498 2839 2564 2894 in
2599 2841 2774 2908 portu

1651 2913 1881 2964 evertere
1917 2934 1988 2954 ===
2024 2909 2350 2964 umwerfen.

1724 2985 1809 3034 37.
1855 2979 1912 3032 Α
1951 2981 2268 3034 Milesiis
2313 2979 2420 3035 mit
2464 2984 2658 3034 exacta
2702 2995 2770 3032 zu

1650 3050 1973 3106 verbinden.
2021 3049 2225 3104 Arrian
2255 3051 2468 3104 erzahlt
2494 3047 2766 3116 dasselbe‚

1653 3121 1788 3175 aber
1814 3119 1876 3172 in
1903 3120 2171 3174 anderem
2198 3120 2521 3188 chronolog.
2542 3120 2772 3173 Zusam-

1649 3191 1949 3259 menhang‚
1985 3206 2100 3244 von
2119 3189 2389 3257 Mitylene
2417 3192 2487 3256 (2.
2512 3191 2592 3258 1);
2630 3188 2770 3242 iiber

1656 3260 2148 3316 Pharnabazus
2202 3279 2244 3314 s.
2299 3259 2444 3314 oben
2499 3264 2549 3313 3.
2606 3265 2656 3314 3.
2710 3263 2769 3326 ις

1652 3330 1792 3385 iiber
1827 3330 1920 3386 die
1959 3331 2372 3399 Wortstellung
2409 3346 2452 3384 s,
2491 3329 2554 3384 E.
2597 3333 2716 3383 159.

1725 3408 1811 3456 38.
1851 3419 2035 3457 arma
2070 3399 2771 3457 commoverat=hatte

1656 3474 1844 3542 (auch)
1899 3473 1959 3528 in
2004 3471 2326 3542 Bewegung
2363 3473 2598 3540 gesetzt.
2693 3470 2766 3527 So

1657 3547 1786 3615 sagt
1825 3543 2046 3599 Cicero:
2094 3559 2414 3598 commovere
2451 3543 2772 3612 parricida-

1653 3633 1780 3672 rum
1807 3617 1936 3683 tela,
1964 3613 2326 3684 desgleichen
2345 3630 2529 3669 comm.
2560 3614 2772 3670 bellum.

1727 3692 1812 3740 39.
1841 3687 2012 3756 Ayis
2041 3687 2128 3739 II
2128 3727 2142 3751 ,
2169 3685 2270 3739 der
2287 3685 2572 3740 bekannte
2589 3683 2774 3740 Enkel

1655 3758 1754 3812 des
1777 3755 2102 3826 Agesilaus,
2129 3755 2320 3827 Konig
2347 3773 2460 3812 von
2489 3756 2693 3825 Sparta
2719 3773 2773 3810 v.

1657 3833 1920 3884 338—30.
1952 3828 2061 3882 Zur
2081 3827 2260 3882 Sache
2278 3827 2455 3898 vergl.
2470 3831 2593 3882 Arr.
2614 3833 2664 3882 2.
2688 3830 2772 3882 13.

1655 3900 1770 3954 Der
1821 3898 2217 3968 ungh‘ickliche
2265 3901 2536 3969 Ausgang
2591 3898 2775 3952 seiner

1655 3970 2196 4039 Unternehmungen
2230 3971 2372 4024 wird
2409 3977 2457 4025 6.
2493 3974 2541 4024 1.
2571 3974 2638 4024 59
2675 3969 2772 4023 be-

1655 4041 1879 4096 richtet.
1912 4071 1980 4082 -
2009 4042 2250 4096 bellum
2285 4040 2690 4095 moliebatur
2726 4055 2773 4094 c.

1659 4112 1774 4167 dat.
1786 4113 1892 4168 wie
1912 4114 2152 4168 insidias
2171 4111 2346 4167 alicui
2358 4111 2544 4164 moliri
2556 4108 2649 4163 bei
2659 4107 2772 4163 Cic.

1729 4188 1816 4239 40.
1854 4185 2068 4239 secuti
2096 4209 2166 4228 ==
2185 4186 2357 4251 prout
2389 4181 2562 4234 secuti
2597 4183 2774 4234 erant.

1661 4253 1806 4308 Dem
1835 4253 2007 4308 Sinne
2043 4253 2191 4307 nach
2226 4252 2304 4306 ist
2339 4256 2440 4304 aut
2473 4249 2650 4304 soviel
2686 4249 2773 4304 als

1659 4326 1819 4380 modo
1846 4366 1859 4379 .
1885 4366 1897 4379 .
1926 4325 2097 4381 modo,
2151 4321 2286 4377 Man
2320 4319 2578 4378 vermisst
2611 4320 2778 4376 einen
