3069 4749
406 179 537 245 208
1314 184 1379 246 Q.
1418 182 1640 234 CURTI
1673 178 1850 232 Rom

400 341 737 407 custodiae
783 342 921 408 eius
969 342 1251 422 adsueti,
1306 363 1489 427 quos·
1523 342 1704 428 regis
1761 342 2038 406 salutem
2084 340 2188 405 vel
2234 339 2536 423 periculis
2584 340 2760 405 vitae

400 430 573 497 tueri
602 432 993 516 oportebat,
1039 430 1278 515 dilapsi
1326 433 1480 495 sunt
1524 434 1733 514 metu,
1780 429 2048 495 armatis
2063 479 2080 513 ‚
2129 450 2292 514 quos
2339 428 2472 492 iam
2520 428 2758 493 adven-

400 523 543 584 tare
588 519 965 603 credebant,
1017 518 1193 585 haud
1245 520 1375 585 rati
1430 540 1499 585 se
1555 520 1810 584 futuros
1866 539 2076 602 paren.
2165 517 2408 603 Ingens
2473 538 2632 603 ergo
2688 518 2761 582 in

402 607 825 673 tabernaculo
872 606 1158 674 solitudo
1206 611 1351 673 erat
1392 607 1618 694 paucis
1665 606 2087 692 spadonibus,
2143 606 2323 691 quia,
2377 627 2506 689 quo
2553 605 2761 672 disce-

300 708 369 759 10
406 696 653 780 derent,
693 718 829 763 non
872 696 1221 779 habebant,
1266 696 1843 763 circumstantibus
1891 715 2133 782 regem.
2196 696 2291 761 At
2332 694 2446 759 ille
2490 696 2760 760 remotis

404 786 668 851 arbitris
708 785 817 851 diu
864 785 1039 851 aliud
1088 788 1281 871 atque
1329 785 1505 850 aliud
1543 785 1884 851 consilium
1923 784 2140 849 animo
2175 783 2536 849 volutabat.
2591 782 2760 849 Iam-

406 894 529 958 que
560 873 1002 959 solitudinem,
1030 896 1225 959 quam
1250 874 1449 959 paulo
1481 878 1675 940 antea
1698 894 1820 959 pro
1849 872 2091 939 solacio
2118 873 2457 956 petiverat,
2485 893 2758 957 perosus

303 976 369 1025 11
406 962 718 1028 Bubacen
762 964 982 1029 vocari
1026 963 1227 1029 iubet.
1319 961 1527 1039 Quem
1569 963 1853 1047 intuens,
1898 961 1917 991 ‘
1930 961 2030 1026 Ite
2041 959 2083 1044 ',
2127 961 2368 1046 inquit,
2415 959 2761 1025 ‘consulite

408 1050 614 1135 vobis,
660 1051 745 1117 ad
791 1052 1099 1117 ultimum
1142 1052 1285 1137 regi
1331 1055 1570 1137 vestro,
1613 1057 1690 1117 ut
1736 1050 2034 1134 decebat,
2077 1048 2204 1114 fide
2249 1049 2554 1115 exhibita.
2611 1047 2762 1135 Ego

408 1138 517 1205 hic
580 1140 791 1226 legem
855 1140 980 1206 fati
1044 1140 1173 1206 mei
1236 1144 1525 1225 expecto.
1614 1140 1918 1206 Forsitan
1979 1138 2260 1222 mireris,
2323 1138 2495 1222 quod
2557 1138 2764 1203 vitam

306 1242 373 1291 12
410 1249 545 1293 non
590 1228 842 1294 finiam:
898 1229 1111 1295 alieno
1159 1231 1399 1295 scelere
1447 1250 1645 1314 quam
1689 1250 1836 1295 meo
1881 1228 2052 1293 mori
2106 1225 2322 1293 malo?
2385 1226 2549 1291 Post
2591 1226 2764 1292 hanc

407 1337 633 1382 vocem
670 1317 875 1401 spado
914 1319 1164 1402 gemitu
1208 1340 1345 1384 non
1378 1317 1876 1384 tabernaculum
1910 1316 2123 1395 modo,
2161 1316 2274 1381 sed
2311 1316 2510 1380 etiam
2547 1318 2765 1380 castra

412 1406 761 1489 conplevit.
851 1406 1162 1491 Inrupere
1208 1406 1437 1473 deinde
1492 1407 1608 1471 alii
1663 1406 2096 1491 laceratisque
2119 1404 2438 1470 'vestibus
2498 1403 2763 1488 lugubri

307 1508 373 1559 13
412 1497 478 1559 et
521 1494 805 1560 barbaro
852 1495 1105 1561 ululatu
1149 1516 1373 1582 regem
1420 1495 1762 1581 deplorare
1798 1496 2170 1579 coeperunt.
2218 1492 2453 1558 Persae
2491 1492 2572 1557 ad
2609 1492 2761 1557 illos

408 1583 689 1649 clamore
716 1583 969 1668 perlato
1000 1583 1268 1651 attoniti
1303 1587 1484 1649 metu
1520 1606 1641 1651 nec
1677 1605 1862 1649 arma
1887 1605 2134 1667 capere,
2163 1603 2246 1646 ne
2273 1582 2341 1647 in
2368 1579 2761 1647 Bactrianos

406 1671 800 1757 inciderent,
852 1693 971 1738 nec
1014 1673 1346 1757 quiescere
1393 1672 1745 1757 audebant,
1799 1694 1882 1738 ne
1937 1671 2139 1755 impie
2193 1670 2486 1736 deserere
2537 1690 2761 1756 regem

304 1774 373 1824 14
411 1760 803 1827 viderentur.
891 1760 1133 1828 Varius
1178 1784 1256 1827 ac
1301 1761 1604 1829 dissonus
1649 1761 1898 1827 clamor
1944 1761 2086 1825 sine
2133 1760 2290 1825 duce
2337 1780 2412 1824 ac
2459 1758 2598 1824 sine
2644 1758 2762 1823 im-

406 1850 589 1934 perio
644 1850 805 1916 totis
870 1851 1105 1917 castris
1164 1851 1587 1916 referebatur.
1675 1849 1881 1915 Besso
1946 1852 2014 1914 et
2066 1846 2440 1914 Nabarzani
2501 1848 2761 1913 nuntia·
2781 1846 2868 1913 34

416 1941 643 2004 verant
688 1939 807 2022 sui,
850 1958 1075 2025 regem
1120 1962 1163 2004 a
1208 1941 1558 2024 semetipso
1595 1940 2056 2023 interemptum
2094 1958 2261 2002 esse:
2308 1938 2606 2021 planctus
2645 1956 2758 2002 eos

311 2038 377 2089 15
416 2027 775 2112 deceperat.
845 2026 1078 2114 Itaque
1123 2028 1346 2094 citatis
1398 2030 1581 2113 equis
1629 2027 1936 2095 advolant
1981 2026 2421 2111 sequentibus,
2465 2046 2628 2111 quos
2676 2024 2758 2089 ad

408 2116 845 2181 ministerium
892 2118 1152 2184 sceleris
1199 2117 1601 2203 delegerant:
1662 2121 1729 2181 et
1773 2138 1922 2183 cum
1975 2114 2471 2181 tabernaculum
2516 2114 2757 2185 intras-

411 2209 575 2289 sent,
621 2204 775 2290 quia
818 2226 1041 2291 regem
1086 2206 1301 2272 vivere
1340 2206 1664 2292 spadones
1699 2205 2100 2290 indicabant,
2145 2202 2582 2287 conprehendi
2618 2202 2760 2267 vin-

309 2308 375 2357 16
414 2293 654 2379 cirique
710 2294 1057 2360 iusserunt.
1144 2293 1284 2359 Rex
1349 2315 1542 2359 curru
1601 2295 1798 2380 paulo
1865 2296 2016 2359 ante
2080 2296 2301 2358 vectus
2367 2294 2433 2356 et
2495 2291 2760 2356 deorum

410 2404 449 2446 a
504 2383 639 2448 suis
694 2383 1052 2448 honoribus
1108 2383 1322 2449 cultus
1375 2385 1558 2448 nulla
1620 2387 1887 2448 externa
1950 2403 2072 2466 ope
2137 2383 2404 2448 admota
2462 2381 2758 2466 captivus

410 2492 743 2537 servorum
808 2492 1075 2537 suorum
1136 2473 1205 2536 in
1270 2471 1602 2537 sordidum
1664 2471 2031 2538 vehiculum
2103 2470 2412 2555 [pellibus
2475 2470 2760 2555 undique

305 2575 371 2624 17
410 2562 804 2640 contectum]
841 2560 1197 2644 inponitur.
1240 2559 1524 2632 Pecunia
1559 2561 1736 2646 regis
1774 2566 1842 2626 et
1877 2561 2168 2644 supellex
2203 2560 2389 2646 quasi
2426 2558 2592 2625 belli
2619 2559 2757 2622 iure

410 2647 713 2732 diripitur
776 2649 1121 2735 onustique
1176 2649 1417 2736 praeda
1469 2671 1588 2735 per
1645 2651 1858 2716 scelus
1911 2650 2220 2716 ultimum
2271 2651 2464 2734 parta
2532 2648 2759 2734 fugam

1639 2936 1860 2986 auctore
1887 2929 1982 2985 bei
2003 2930 2230 2986 Seneca.
2260 2914 2588 2984 Ubersetzez
2611 2928 2758 2982 ohne

1638 3001 1765 3057 dass
1801 3000 2001 3070 irgend
2032 3001 2265 3071 Jemand
2301 3001 2566 3068 Anregun
2642 2997 2757 3052 und

1638 3072 2062 3138 Veranlassung
2096 3070 2240 3126 dazu
2283 3070 2538 3140 gegeben
2616 3071 2752 3124 atte.

1637 3173 1710 3183 —
1743 3143 2193 3208 referebatur,
2229 3140 2410 3194 hallte
2439 3138 2664 3194 wieder.
2684 3168 2757 3178 —

1637 3200 1741 3268 Ub.
1769 3213 2095 3282 planctus
2129 3212 2222 3266 ft’ir
2249 3211 2490 3279 planqor
2527 3226 2568 3264 s.
2606 3207 2670 3262 Ε.
2701 3215 2753 3263 4.

408 2929 559 2985 zieht
594 2928 716 2984 sich
752 2924 872 2984 ἀπὸ
912 2935 1110 2985 κοινοῦ
1150 2931 1252 2985 auf
1284 2946 1531 3000 pronum

408 3001 527 3055 und
565 3003 777 3057 abiecit.
844 2999 897 3057 S.
938 3001 1081 3057 auch
1118 2999 1181 3056 E.
1221 3007 1291 3056 94
1326 2999 1491 3057 Anm.

481 3077 530 3126 9.
588 3073 883 3142 adsueti,
921 3090 963 3130 s.
1002 3079 1053 3127 8.
1083 3079 1133 3128 9.
1162 3079 1213 3128 4.
1251 3103 1324 3113 —
1357 3078 1532 3129 metu

413 3142 517 3197 πί6
558 3147 607 3198 3.
649 3148 731 3200 11.
775 3149 839 3198 12
878 3145 1225 3213 dissipamur
1260 3147 1419 3198 metu.

485 3218 569 3267 10.
588 3229 718 3283 pro
744 3215 1032 3281 solacio,
1056 3215 1224 3268 ‘zum
1240 3213 1366 3270 Tro
1380 3215 1528 3284 ste’,

411 3284 517 3338 wie
543 3301 732 3340 nemus
757 3301 869 3354 pro
905 3301 1030 3341 aree
1064 3285 1266 3341 habent
1293 3285 1344 3341 d.
1367 3284 1404 3339 i.
1435 3303 1531 3340 zur

408 3354 587 3424 Burg,
644 3360 693 3410 4.
745 3362 793 3411 7.
842 3361 927 3413 20.
967 3387 1034 3396 —
1088 3370 1368 3425 perosus
1422 3357 1529 3412 wie

402 3441 813 3551 {oeffllieffe
857 3426 977 3552 Ιιέἔ.
1020 3432 1203 3553 ἓῖ334ὀ
1235 3432 1294 3494 83
1343 3432 1403 3512 3..
1442 3433 1530 3483 39.

451 3537 463 3550 .
701 3514 732 3551 6
818 3515 895 3551 un
954 3516 992 3552 n
1110 3539 1122 3552 .
1250 3514 1416 3555 exosa.
1461 3528 1528 3540 —

408 3568 764 3637 Bubacen,
793 3585 837 3623 s.
878 3573 960 3624 11.
1000 3575 1051 3625 4.

486 3643 569 3694 11.
618 3639 842 3708 legem,
880 3639 1004 3694 hier
1040 3639 1333 3710 Spruch,
1359 3639 1531 3695 'Ent-

412 3710 804 3780 scheidung.
850 3741 919 3752 -
957 3712 1182 3766 alieno
1215 3727 1297 3767 sc.
1336 3728 1532 3782 quam

409 3797 558 3838 meo.
611 3779 947 3852 Vergleiche
984 3788 1035 3837 3.
1074 3788 1125 3838 6.
1162 3788 1195 3838 6
1232 3783 1415 3840 alieno
1449 3799 1533 3837 me

409 3854 553 3910 mm·
584 3853 777 3908 scelere
812 3869 979 3922 quam
1012 3859 1158 3909 metu
1182 3859 1384 3911 nomo.
1428 3853 1531 3907 Als

409 3924 757 3979 unstatthaft
808 3923 1015 3980 museto
1070 3923 1375 3994 jedenfalls
1432 3925 1533 3980 der

414 3994 761 4050 Selbstmord
798 3996 951 4050 eines
976 3995 1192 4066 Konigs
1218 3996 1279 4051 in
1306 3995 1530 4052 solcher

411 4063 562 4135 Inge
589 4067 910 4136 angesehen
934 4067 1177 4135 werden,
1215 4066 1395 4123 selbst
1419 4083 1532 4124 von

414 4135 523 4190 den
560 4137 841 4192 Stoikern.
1162 4177 1169 4182 ·

489 4211 841 4332 142.2ca3tra,
864 4209 1002 4264 ‘das
1029 4225 1243 4279 ganze
1262 4206 1527 4278 Lager’,

415 4289 459 4329 S.
622 4321 633 4332 .
678 4285 759 4333 16.

489 4350 572 4399 14.
635 4350 779 4404 sine
832 4350 994 4405 duce
1042 4349 1149 4405 wie
1202 4350 1357 4418 fama
1410 4348 1529 4404 sine

1712 3289 1795 3338 16.
1817 3299 2042 3350 curru,
2061 3283 2180 3337 auf
2204 3281 2488 3336 stolzem
2507 3278 2756 3334 Streit-

1638 3373 1690 3410 w
1703 3371 1785 3424 ag
1797 3371 1874 3410 en
1886 3395 1901 3422 ,
1929 3351 2168 3424 Gegens.
2185 3354 2252 3408 in
2269 3351 2414 3408 sord.
2433 3351 2753 3406 vehiculum.

1639 3455 1708 3466 -
1745 3443 1784 3480 a
1827 3425 1970 3481 suis
2015 3425 2069 3478 d.
2103 3425 2142 3480 i.
2179 3440 2290 3480 von
2326 3423 2517 3478 seinen
2552 3422 2757 3477 Unter-

1637 3497 1866 3553 thanen.
1939 3496 2054 3550 Das
2098 3495 2160 3553 in
2202 3494 2314 3549 den
2353 3493 2595 3550 Hdschr.
2631 3509 2756 3549 vor-

1637 3566 1996 3639 hergehende
2034 3566 2305 3636 auspiciis
2329 3580 2447 3620 war
2473 3565 2626 3621 wohl
2652 3582 2758 3619 nur

1638 3639 1764 3694 eine
1800 3637 2198 3707 Dittographie
2239 3655 2307 3691 zu
2343 3636 2474 3692 dem
2509 3634 2758 3690 unleser·
2785 3697 2810 3716 .

1638 3708 1754 3766 lich
1774 3708 2150 3780 gewordenen
2175 3724 2214 3763 a
2231 3709 2365 3764 suis.
2385 3739 2454 3750 -
2474 3713 2758 3763 eaeterna

1638 3781 1950 3907 ορῖἢιῖεῗέὲ
1989 3779 2126 3906 Idiv‘i
2148 3785 2344 3906 ⁴322.
2367 3778 2758 3918 Ιέῑῃεηῗῗὲὴῖἷιιὲ

1679 3939 1740 3978 61·
1773 3920 2004 3991 Feinde‚
2040 3922 2374 3977 feindlicher
2409 3919 2646 3977 Gewalt.
2687 3949 2756 3960 —-

1633 3993 1932 4119 pellibus
1957 3994 2113 4052 und.
2141 3997 2536 4060 contectum,
2561 3990 2756 4062 jeden-

1663 4064 1770 4120 alls
1819 4065 1911 4121 ein
1957 4065 2242 4132 Glossem3
2299 4062 2480 4118 dieser
2533 4061 2756 4116 Beisatz

1637 4136 1828 4192 wurde
1855 4135 1915 4191 in
1944 4136 2232 4193 611016οᾱ61-
2256 4134 2445 4190 Weise
2473 4133 2602 4188 dem
2630 4138 2661 4198 ξ
2687 4137 2756 4186 20

1638 4205 1942 4263 Erzahlten
1977 4205 2310 4277 vorgreifen.

1711 4284 1795 4333 17.
1843 4280 2070 4348 fuyam
2113 4276 2510 4342 intendunt,
2561 4274 2668 4328 wie
2706 4280 2759 4329 3.

1641 4353 1724 4406 11.
1767 4353 1831 4403 18
1869 4366 1922 4405 u.
1963 4353 2011 4404 ὅ.
