3069 4749
413 148 544 215 184
1323 152 1386 215 Q.
1426 151 1646 203 CURTI
1680 152 1852 203 RUFI
2370 85 2426 138 .

339 322 374 372 9
414 311 644 395 solum,
690 311 802 377 sed
850 311 1043 376 etiam
1090 333 1233 377 cum
1279 312 1424 378 loco
1462 311 1895 378 dimicandum
1933 315 2125 396 esset,
2171 311 2477 377 subibant
2513 314 2753 397 tamen,

414 400 569 485 quia
609 422 723 465 rex
767 402 935 466 inter
978 400 1225 485 primos
1272 402 1656 467 constiterat
1700 402 2129 485 interrogans,
2172 404 2277 465 tot
2318 401 2577 465 urbium
2622 401 2752 467 vic-

411 493 587 555 tores
636 512 720 555 an
768 490 1219 555 erubescerent
1262 490 1528 555 haerere
1581 490 1652 555 in
1705 488 2041 555 obsidione
2097 488 2350 554 castelli
2407 489 2627 573 exigui
2687 493 2754 554 et

411 577 743 663 ignobilia,
780 577 973 643 simul
1006 578 1379 662 admonens,
1409 579 1762 645 Tauronem
1786 599 1932 645 mox
1957 578 2268 643 armiliam
2303 598 2426 643 esse
2461 578 2753 645 laturum.
2783 576 2802 595 ⁶

412 667 595 732 Inter
637 665 797 733 haec
853 667 1104 732 eminus
1158 668 1529 751 petebatur:
1585 689 1776 752 quem
1828 666 2152 733 testudine
2205 666 2460 732 obiecta
2507 666 2754 735 milites

310 765 383 816 10
426 791 503 803 -—
554 758 627 820 ut
672 755 1023 840 decederet,
1068 757 1419 840 perpellere
1464 756 1966 843 nequierant—
2007 756 2372 821 tuebantur.
2465 754 2753 821 Tandem
2776 760 2859 824 11

417 842 680 911 Tauron
726 866 919 929 super
972 866 1185 911 arcem
1250 846 1432 911 urbis
1488 868 1558 911 se
1613 866 1758 911 cum
1813 866 1931 910 suo
1989 844 2247 930 agmine
2301 844 2615 909 ostendit.
2671 845 2755 911 ad

418 933 599 998 cuius
637 936 1055 1017 conspectum
1093 938 1161 999 et
1195 934 1485 999 hostium
1518 934 1726 999 animi
1759 934 1982 999 labare
2020 936 2087 998 et
2120 931 2505 999 Macedones
2543 932 2754 999 acrius

311 1031 376 1081 11
415 1022 735 1107 proelium
778 1022 941 1087 inire
986 1026 1354 1107 coeperunt.
1412 1024 1670 1108 Anceps
1717 1022 2082 1108 oppidanos
2128 1022 2376 1087 malum
2416 1022 2755 1107 urguebat,

413 1131 533 1175 nec
582 1110 728 1176 sisti
772 1111 870 1177 vis
916 1110 1225 1177 hostium·
1248 1115 1524 1197 poterat.
1585 1111 1822 1177 Paucis
1869 1112 1950 1175 ad
1994 1110 2415 1193 moriendum,
2459 1110 2754 1194 pluribus

416 1198 499 1265 ad
546 1199 771 1285 fugam
818 1200 1071 1265 animus
1116 1198 1271 1284 fuit,
1314 1222 1558 1287 magna
1600 1221 1755 1285 pars
1799 1200 1870 1263 in
1915 1221 2128 1267 arcem
2175 1198 2510 1265 concessit.
2597 1198 2756 1265 Inde

412 1305 563 1353 xxx
600 1289 967 1355 oratoribus
1004 1288 1221 1354 missis
1258 1290 1340 1353 ad
1376 1289 1848 1374 deprecandum
1879 1289 2069 1354 triste
2109 1309 2493 1373 responsum
2530 1310 2571 1353 a
2604 1309 2758 1374 rege

308 1388 379 1439 12
416 1376 723 1457 redditur,
778 1398 914 1443 non
960 1399 1099 1442 esse
1146 1378 1371 1444 veniae
1415 1378 1648 1446 locum.
1709 1377 1960 1462 Itaque,
2007 1376 2467 1461 suppliciorum
2503 1397 2756 1461 quoque

412 1470 595 1531 metu
641 1466 948 1550 perculsi,
996 1466 1079 1531 ad
1124 1465 1597 1571 Sisigambim,
1619 1466 1818 1533 Darei
1862 1472 2167 1549 matrem,
2223 1466 2474 1532 occulto
2522 1465 2756 1531 itinere

411 1554 767 1639 ignotoque
810 1554 1111 1621 hostibus
1154 1556 1443 1640 mittunt,
1489 1556 1602 1641 qui
1645 1560 1964 1640 peterent,
2007 1558 2084 1621 ut
2127 1555 2273 1639 ipsa
2317 1575 2537 1640 regem
2583 1554 2755 1619 miti-

413 1646 629 1729 garet,
674 1642 850 1708 haud
894 1644 1136 1729 ignari,
1180 1646 1469 1728 parentis
1516 1667 1662 1711 eam
1706 1645 1852 1711 loco
1899 1644 2086 1729 diligi
2131 1644 2400 1728 colique.
2489 1643 2579 1709 Et
2621 1642 2755 1707 Me-

414 1732 599 1797 dates
646 1733 888 1798 sororis
934 1732 1071 1798 eius
1116 1734 1323 1799 filiam
1368 1756 1588 1801 secum
1641 1733 2056 1799 matrimonio
2100 1732 2425 1817 iunxerat,
2469 1730 2756 1797 Dareum

308 1833 377 1883 13
412 1820 783 1906 propinqua
828 1822 1220 1906 cognatione
1265 1824 1672 1909 contingens.
1761 1821 1891 1887 Diu
1947 1820 2333 1907 Sisigambis
2390 1821 2754 1906 supplicum

413 1911 714 1993 precibus
776 1912 1196 1997 repugnavit,
1261 1914 1553 1979 abnuens
1610 1911 2127 1996 deprecationem
2180 1931 2300 1994 pro
2365 1910 2498 1975 illis
2563 1912 2750 1991 [non]

416 1999 757 2065 convenire
800 1999 1130 2084 fortunae,
1184 2002 1253 2065 in
1301 2023 1431 2084 qua
1486 2005 1688 2067 esset:
1743 2000 2066 2102 adicitque
2120 2002 2404 2063 metuere
2461 2019 2629 2077 sese,
2673 2019 2756 2064 ne

412 2087 677 2153 victoris
724 2087 1192 2174 indulgentiam
1236 2090 1573 2175 fatigaret,
1625 2089 2015 2173 saepiusque
2067 2087 2376 2170 cogitare,
2431 2088 2758 2169 captivam

308 2186 379 2237 14
415 2197 559 2241 esse
606 2197 694 2260 se,
741 2198 935 2260 quam
978 2177 1273 2261 reginam
1318 2177 1533 2243 fuisse.
1591 2176 1694 2242 Ad
1731 2176 2034 2240 ultimum
2067 2175 2243 2239 victa
2287 2174 2526 2239 litteris
2561 2175 2756 2240 Alex-

416 2263 689 2330 andrum
734 2264 829 2327 ita
876 2264 1217 2348 deprecata
1263 2270 1391 2348 est,
1446 2268 1519 2329 ut
1563 2265 1777 2347 ipsum
1823 2267 2182 2347 excusaret,
2239 2263 2410 2346 quod
2457 2262 2757 2345 depreca-

414 2355 619 2418 retur:
684 2354 901 2436 petere
958 2373 1055 2436 se,
1108 2356 1183 2418 ut
1239 2352 1371 2418 illis
1430 2374 1712 2439 quoque,
1768 2351 1824 2417 si
1877 2352 2122 2435 minue,
2181 2350 2307 2416 sibi
2359 2352 2756 2436 ignosceret.

413 2463 533 2526 pro
579 2441 945 2506 necessario
992 2463 1067 2506 ac
1110 2441 1473 2526 propinquo
1522 2463 1658 2525 suo,
1703 2440 1836 2505 iam
1870 2461 2004 2505 non
2049 2440 2257 2525 hoste,
2305 2441 2419 2505 sed
2466 2441 2754 2524 supplice

309 2542 379 2592 15
415 2531 670 2594 tantum
742 2529 946 2594 vitam
1017 2530 1285 2613 precari.
1388 2529 1903 2596 Moderationem
1968 2529 2501 2614 clementiamque
2565 2531 2758 2614 regis,

417 2638 580 2703 quae
624 2625 778 2682 tunc
820 2617 965 2702 fuit,
1008 2619 1112 2683 vel
1158 2640 1289 2684 una
1329 2619 1490 2684 haec
1533 2641 1638 2684 res
1684 2618 1896 2702 possit
1943 2617 2308 2683 ostendere:
2343 2639 2480 2683 non
2515 2618 2758 2683 Medati

416 2706 610 2772 modo
658 2706 939 2792 ignovit,
994 2707 1105 2772 sed
1152 2729 1373 2774 omnes
1420 2711 1485 2773 et
1530 2707 1780 2779 deditos
1828 2711 1894 2772 et
1931 2706 2234 2792 captivos
2285 2709 2405 2789 [et]
2453 2708 2759 2774 libertate

489 2905 538 2955 9.
558 2898 1529 2970 subibant,sieklommenempor;
1637 2901 1892 2970 coynatio
1921 2905 1969 2955 6.
2008 2905 2091 2955 11.
2119 2905 2207 2957 20.
2255 2899 2383 2971 Vgl.
2411 2901 2578 2971 longa
2604 2915 2756 2971 coya.

416 2972 559 3026 fiber
615 2987 703 3026 an
748 2996 815 3017 =
864 2971 937 3025 ob
988 2969 1165 3039 nicht,
1220 2989 1262 3026 ι.
1298 2971 1364 3026 Ε.
1408 2977 1528 3028 136.
1638 2976 1906 3025 4.1.19.

418 3029 572 3098 Uber
614 3043 997 3098 erubescere
1042 3059 1089 3098 c.
1132 3042 1287 3097 infin.
1331 3041 1529 3100 ebend.
1714 3047 1798 3097 13.
1855 3041 2058 3122 [non]
2094 3042 2482 3110 convenire;
2517 3041 2606 3096 die
2643 3041 2755 3095 Ne-

422 3117 543 3169 118.
555 3130 855 3194 -ςιιεπη,
870 3113 1286 3170 ‚tuebantun
1308 3113 1530 3169 Ebenso
1640 3110 1838 3182 gation
1882 3110 1962 3164 ist
2007 3111 2192 3166 sicher
2241 3129 2308 3165 zu
2353 3083 2658 3177 stre’ichen,
2712 3127 2755 3166 8.

417 3184 549 3238 hart
586 3183 677 3238 die
710 3156 950 3238 relative
978 3183 1221 3252 Anknfip
1224 3181 1364 3254 sung
1398 3190 1448 3240 4.
1480 3189 1530 3240 6.
1639 3183 1700 3238 E.
1716 3188 1875 3237 66.--
1805 3183 1968 3236 -t'n
1994 3198 2150 3250 qua,
2165 3180 2754 3249 analogdenPhrasen

420 3259 505 3309 20.
535 3253 771 3309 Unserm
792 3253 1001 3310 Geffihl
1020 3256 1182 3324 entsp
1184 3255 1353 3310 tache
1372 3256 1534 3310 mehr
1639 3255 1704 3308 in
1739 3253 1930 3322 aliquo
1963 3256 2141 3322 statu,
2187 3251 2410 3316 habitu,
2454 3252 2518 3306 in
2563 3251 2758 3320 aliqua

417 3323 511 3381 ein
538 3341 661 3380 cum
687 3342 823 3380 eum.
841 3272 1297 3392 -decedd'rem
1327 3324 1536 3382 ebenso
1643 3323 1954 3380 conditione
2015 3337 2136 3378 esse.
2202 3352 2268 3362 —
2338 3323 2755 3392 saepiusque.

419 3395 575 3451 Caes.
630 3393 1021 3452 b.Gr.1.44.
1078 3401 1141 3450 11
1199 3396 1347 3452 ohne
1400 3397 1536 3466 loco,
1647 3395 1764 3466 Quo
1815 3392 1966 3449 hier:
2028 3393 2164 3448 und
2219 3392 2458 3459 daher-3
2521 3393 2760 3462 saepius,

417 3467 669 3522 statione.
1642 3467 1789 3548 nahe
1827 3481 1901 3520 an
1927 3465 2145 3534 potius,
2181 3465 2359 3534 παρὰ)
2395 3462 2759 3532 anstreit'end,

495 3543 577 3591 11.
616 3538 909 3604 animus,
944 3534 1292 3619 Neigung,
1326 3537 1538 3594 mitad
1643 3537 1749 3592 wie
1787 3539 1959 3591 unten
1997 3541 2136 3590 ’1.2.
2176 3539 2260 3591 12.

420 3609 565 3665 auch
607 3612 814 3664 13.13.
891 3605 964 3691 So
1010 3579 1316 3665 vereinzelt
1362 3609 1534 3664 schon
1718 3612 1801 3663 14.
1839 3608 2214 3676 deprecata.
2261 3605 2587 3676 Deprecari,
2625 3605 2760 3662 ‘er-

417 3677 514 3735 bei
552 3677 695 3747 Cic.
740 3697 787 3732 z.
826 3677 889 3734 B.
924 3678 986 3733 in
1021 3678 1178 3735 Verr.
1216 3686 1267 3735 3.
1309 3685 1441 3747 130,
1476 3698 1533 3750 p.
1642 3678 1937 3746 bitten’,
1975 3677 2116 3746 wird
2151 3675 2260 3732 mit
2295 3679 2532 3748 aliquem
2566 3696 2620 3737 ιι.
2658 3679 2763 3733 ali-

419 3747 580 3807 Font.
621 3756 709 3818 30,
744 3750 905 3804 nicht
941 3750 1079 3805 aber
1114 3750 1208 3806 bei
1245 3751 1463 3807 Caesar.
1643 3750 1782 3820 quid
1831 3749 1928 3815 (ab
1974 3750 2186 3832 aliquo)
2241 3749 2569 3804 verbunden
2623 3749 2764 3804 oder

495 3828 576 3878 12.
607 3821 1107 3892 suppliciorum
1132 3837 1407 3903 quoque,
1438 3823 1541 3878 ab-
1646 3821 1801 3876 steht
1837 3819 2065 3876 absolut
2097 3820 2203 3876 wie
2241 3825 2274 3886 s
2314 3826 2399 3875 11.
2438 3850 2504 3860 —
2541 3820 2762 3888 ipsum

460 3893 666 3949 esehen
701 3909 813 3949 von
849 3891 1004 3960 dem,
1045 3907 1163 3946 was
1200 3892 1284 3947 sie
1319 3865 1409 3948 fur
1447 3892 1540 3949 ihr
1643 3891 1734 3946 fur
1768 3891 1832 3946 id
1866 3893 2074 3961 ipsum,
2111 3889 2176 3946 Ε.
2222 3897 2307 3946 23.
2347 3921 2416 3932 --
2453 3892 2479 3946 i
2530 3905 2759 3972 apsce-

468 3963 579 4018 and
615 3965 731 4020 und
770 3962 894 4019 ihre
928 3961 1140 4018 Person
1186 3963 1345 4019 sonet
1388 3963 1540 4020 noch
1643 3968 1764 4019 ret.
1813 3961 1976 4018 Sinn.
2013 3961 2350 4032 womoglich
2387 3979 2460 4017 au
2563 3959 2759 4030 jenen·

419 4034 685 4091 ffirchten
722 4035 1087 4092 1101811811.-
1126 4034 1365 4118 ioynari
1398 4034 1540 4105 geht
1645 4049 1812 4089 wenn
1829 4033 2006 4104 nicht,
2034 4033 2373 4117 wenigstens
2391 4032 2496 4088 ihr.
2517 4061 2585 4072 --
2609 4035 2761 4086 tan·

422 4106 525 4161 auf
548 4107 649 4162 das
679 4103 812 4176 Subj
819 4105 917 4161 ekt
943 4121 1053 4161 von
1080 4107 1423 4163 mittuntu-
1448 4105 1542 4162 Et
1645 4109 1798 4160 tum.
1835 4091 1990 4160 Uber
2016 4104 2108 4160 die
2135 4103 2480 4160 auffallende
2503 4101 2763 4172 Stellung

424 4175 739 4234 Medates.
787 4123 1133 4232 ³Ub0rsetze
1193 4175 1539 4246 passivisch.
1649 4193 1690 4231 8.
1730 4176 1795 4230 Ε.
1837 4181 1956 4232 160.

425 4247 586 4300 Auch
632 4264 751 4303 war
789 4246 1046 4303 Medates
1099 4248 1381 4303 vermahlt
1432 4246 1543 4301 mit
1724 4251 1808 4302 15.
1844 4262 2012 4317 quae
2046 4250 2207 4301 tunc
2241 4245 2408 4313 fuit,
2445 4243 2561 4314 vgl.
2597 4243 2761 4313 quit.

426 4316 535 4370 etc.
564 4345 631 4357 --
660 4319 1071 4391 propinqua.
1130 4318 1351 4376 Ebenso
1378 4334 1541 4390 prop.
1649 4323 1809 4372 erant
1844 4322 1895 4372 4.
1938 4322 2022 4374 16.
2055 4322 2124 4371 33
2161 4316 2277 4371 und
2311 4320 2378 4371 ut
2409 4330 2564 4371 nunc
2598 4319 2676 4371 est
2711 4318 2760 4370 6.
