3069 4749
606 229 614 236 ·
664 228 697 295 .-
790 198 1289 251 HISTORIARUM
1324 195 1747 248 ALEXANDRI
1782 197 1884 262 ΙΙΙ,
1925 199 2006 251 10.
2051 200 2133 250 11.
2545 196 2634 261 97

1310 409 1469 476 OAP.
1514 408 1628 475 XI.
2768 486 2806 518 Ν

468 538 611 605 Iam
669 536 753 602 ad
805 536 924 601 teli
982 536 1223 601 iactum
1267 536 1721 619 pervenerant,
1779 556 1926 599 cum
1981 534 2325 601 Persarum
2385 536 2633 621 equites
2673 552 2703 599 1
2813 546 2817 555 '

288 628 595 693 ferociter
640 627 712 691 in
748 626 1007 690 laevum
1045 646 1247 689 cornu
1282 624 1572 689 hostium
1609 624 1851 690 invecti
1889 628 2067 689 sunt:
2106 626 2346 709 quippe
2381 624 2633 691 Dareus

288 716 569 802 equestri
606 713 853 799 proelio
893 712 1235 778 decernere
1272 714 1561 797 optabat,
1598 712 1993 797 phalangem
2023 712 2421 779 Macedonici
2458 736 2632 778 exer-

288 808 452 873 citus
498 805 698 870 robur
745 824 884 867 esse
930 802 1323 868 coniectans
1396 801 1666 885 Iamque
1705 801 1903 865 etiam
1943 801 2240 867 dextrum
2276 802 2634 868 Alexandri

288 916 485 960 cornu
531 891 1008 958 circumibatur.
1099 889 1283 965 Quod
1329 889 1442 955 ubi
1488 890 1757 955 Macedo
1805 892 2161 975 conspexit,
2207 892 2456 957 duabus
2505 892 2628 957 alis
2665 906 2698 955 2

290 985 576 1067 equitum
622 980 703 1045 ad
749 980 973 1065 iugum
1018 979 1258 1044 montis
1302 978 1499 1043 iussis
1541 979 1916 1063 subsistere,
1954 984 2203 1045 ceteros
2238 980 2310 1044 in
2346 979 2636 1045 medium

288 1071 443 1137 belli
504 1069 851 1135 discrimen
916 1071 1175 1133 strenue
1236 1068 1567 1132 transfert.
1659 1064 2006 1133 Subductis
2063 1068 2294 1134 deinde
2351 1091 2431 1134 ex
2496 1071 2632 1134 acie
2670 1085 2703 1133 3

289 1159 619 1223 Thessalis
658 1157 982 1242 equitibus
1018 1156 1417 1240 praefectum
1454 1178 1678 1222 eorum
1717 1157 1966 1223 occulte
2003 1157 2340 1222 circumire
2377 1161 2634 1239 tergum

290 1269 554 1313 suorum
598 1247 778 1311 iubet
821 1245 1364 1329 Parmenionique
1411 1244 1720 1329 coniungi
1767 1248 1862 1327 et,
1910 1245 2082 1329 quod
2127 1246 2186 1310 is
2231 1246 2636 1330 imperasset,

290 1336 545 1421 inpigre
592 1332 837 1421 exequi.
910 1333 1178 1419 Iamque
1224 1334 1479 1398 inmissi
1526 1334 1596 1397 in
1643 1334 1925 1398 medium
1962 1333 2311 1399 Persarum
2348 1336 2634 1420 undique
2671 1354 2708 1402 4

289 1423 665 1490 circumfusi
726 1423 983 1507 egregie
1054 1442 1117 1487 sc
1178 1421 1557 1505 tuebantur,
1624 1422 1737 1487 sed
1811 1422 2084 1488 conferti
2149 1426 2215 1487 et
2278 1425 2467 1508 quasi
2531 1447 2636 1490 co-

288 1514 639 1578 haerentes·
672 1512 809 1575 tela
853 1512 1108 1575 vibrare
1153 1533 1288 1575 non
1339 1514 1670 1595 poterant:
1729 1511 1923 1575 simul
1979 1515 2161 1577 erant
2215 1512 2478 1598 emissa,
2539 1514 2637 1594 [in

288 1598 568 1688 eosdem]
619 1600 1071 1665 concurrentia
1114 1599 1594 1683 inplicabantur
1638 1600 1893 1685 levique
1941 1603 2006 1665 et
2042 1622 2212 1665 vano
2248 1602 2384 1665 ictu
2428 1623 2637 1686 pauca

286 1690 355 1753 in
391 1691 667 1774 hostem,
703 1689 897 1773 plura
929 1689 1001 1753 in
1035 1688 1305 1752 humum
1341 1688 1610 1753 innoxia
1647 1688 1984 1755 cadebant.
2059 1688 2238 1775 Ergo
2277 1690 2634 1755 comminus

285 1800 575 1865 pugnam
618 1778 827 1843 coacti
874 1798 1209 1842 conserere
1254 1777 1511 1861 gladios
1558 1776 1814 1861 inpigre
1853 1777 2198 1861 stringunt.
2273 1778 2442 1842 Tum
2478 1800 2630 1843 vero
2671 1796 2706 1846 5

286 1868 567 1933 multum
614 1866 948 1951 sanguinis
972 1866 1213 1930 fusum
1260 1869 1383 1930 est:
1444 1864 1608 1929 duae
1668 1865 1906 1949 quippe
1963 1868 2131 1930 acies
2183 1866 2280 1930 ita
2333 1867 2634 1931 cohaere·

284 1956 472 2043 bant,
528 1959 605 2021 ut
662 1956 863 2020 armis
918 1976 1101 2019 arma
1154 1954 1523 2040 pulsarent,
1579 1975 1918 2019 mucrones
1973 1955 2039 2017 in
2103 1974 2217 2017 ora
2261 1954 2634 2040 dirigerent.

284 2042 437 2109 Non
479 2045 727 2130 timido,
773 2066 907 2109 non
950 2044 1188 2129 ignavo
1228 2064 1483 2107 cessare
1520 2046 1661 2106 tum
1698 2042 1914 2107 licuit:
1953 2043 2190 2107 collato
2228 2044 2410 2128 pede,
2447 2044 2635 2127 quasi

288 2134 528 2219 singuli
572 2134 745 2197 inter
791 2154 861 2197 se
906 2131 1313 2216 dimicarent,
1370 2132 1441 2196 in
1486 2130 1713 2196 eodem
1757 2132 2038 2217 vestigio
2088 2132 2381 2216 stabant,
2429 2132 2633 2197 donec

284 2222 593 2286 vincendo
638 2223 853 2287 locum
900 2222 1024 2285 sibi
1066 2220 1375 2285 facerent.
1422 2219 1617 2300 [Tum
1663 2219 1923 2284 demum
1961 2242 2116 2305 ergo
2163 2222 2634 2303 promovebant
2671 2242 2704 2289 6

285 2310 576 2395 gradum,
623 2332 769 2374 cum
813 2310 1073 2376 hostem
1118 2311 1653 2394 prostraverant]
1702 2310 1794 2373 At
1839 2309 1990 2374 illos
2028 2331 2234 2374 novus
2273 2311 2636 2396 excipiebat

287 2399 689 2464 adversarius
734 2399 1069 2484 fatigatos,
1112 2421 1233 2463 nec
1277 2398 1622 2482 vulnerati,
1669 2402 1744 2462 ut
1791 2398 1953 2463 alias
2003 2399 2235 2478 solent,
2271 2400 2407 2465 acie
2452 2404 2633 2484 pote·

285 2492 437 2552 rant
482 2487 804 2572 excedere,
850 2509 998 2552 cum
1042 2487 1253 2552 hostis
1300 2487 1576 2552 instaret
1624 2509 1664 2550 a
1709 2486 1940 2570 fronte,
1988 2510 2028 2551 a
2063 2490 2250 2572 tergo
2301 2489 2403 2552 sui
2445 2511 2632 2574 urge-

177 2577 265 2642 27
288 2579 447 2640 rent.
536 2576 905 2641 Alexander
963 2597 1099 2640 non
1158 2575 1337 2640 ducis
1394 2576 1606 2660 magis
1673 2598 1865 2660 quam
1925 2576 2154 2640 militis
2210 2578 2434 2642 munia
2490 2599 2631 2642 exe·
2672 2599 2701 2647 7

291 2666 624 2750 quebatur,
670 2665 959 2748 opimum
1004 2664 1200 2741 decus
1248 2686 1435 2730 caeso
1482 2685 1637 2748 rege
1694 2668 2028 2746 expetens:
2084 2671 2320 2748 quippe
2376 2664 2630 2731 Dareus

184 540 269 632 26

702 2856 839 2911 ΚΑΙ»,
876 2855 973 2911 XI,
1582 2845 1634 2894 4.
1672 2838 1945 2892 inmissi
1989 2837 2260 2892 substant.
2298 2837 2388 2890 fiir
2423 2839 2498 2903 ii,
2535 2840 2635 2907 qui

358 2952 408 3002 1.
446 2945 527 3000 Ia
535 2963 605 3000 m:
624 2943 738 2998 Der
755 2943 892 3014 folg.
916 2943 1405 2999 Schlachtbericht

285 3016 365 3072 ist
399 3017 503 3070 wie
542 3018 639 3071 d'er
666 3014 901 3070 Diodors
936 3031 1251 3070 verworren
1286 3013 1405 3068 und

284 3088 718 3156 unvollstandig.
804 3085 878 3140 So
925 3086 1064 3140 wird
1110 3105 1155 3139 z.
1196 3086 1255 3142 B.
1304 3087 1405 3140 der

284 3159 633 3226 geffihtliche
652 3156 879 3227 Angriff
891 3158 991 3211 der
1011 3155 1403 3226 griechischen

284 3229 665 3300 Soldtruppen
692 3230 789 3284 des
810 3228 1011 3282 Darius
1042 3227 1141 3282 auf
1165 3227 1256 3282 die
1282 3245 1402 3283 ma·

286 3301 617 3356 cedonische
643 3299 898 3354 Phalanx
932 3299 1048 3353 und
1065 3298 1179 3356 ‚die
1205 3299 1403 3369 gh‘ick-

282 3369 429 3425 liche
478 3370 985 3439 Seitenbewegung
1030 3369 1127 3423 des
1171 3369 1405 3423 rechten

282 3442 512 3523 Fh‘igels
540 3443 642 3494 der
670 3442 1029 3495 Macedonier
1057 3455 1239 3510 gegen
1271 3440 1401 3523 jene

282 3509 1401 3652 &a‘²322ssfizssssffiffinssffifflffffssfflzt

282 3653 665 3724 Motivierung
701 3653 801 3708 der
837 3654 1159 3708 erwahnten
1189 3651 1399 3722 Opera-

281 3723 492 3781 tionen.
541 3726 615 3778 Es
635 3725 715 3778 ist
735 3724 909 3778 daher
926 3723 1047 3778 Arr.
1070 3730 1119 3778 2.
1146 3730 1211 3778 10
1231 3724 1401 3777 nach-

283 3794 523 3851 zulesen.
550 3825 623 3836 --
650 3797 736 3851 ad
764 3797 883 3849 teli
919 3797 1167 3849 iactum
1196 3813 1237 3848 s.
1259 3795 1405 3848 oben

289 3871 369 3920 10.
412 3872 460 3921 1.
490 3897 557 3906 —
598 3867 1117 3934 circumibatur,
1154 3863 1404 3918 namlich

281 3937 740 4062 {omdlangeren
791 3935 989 3992 linken
1051 3935 1250 4006 Flfigel
1306 3937 1405 3990 der

330 4025 418 4062 ein
460 4025 509 4062 e.

353 4084 403 4132 2.
440 4079 796 4146 transfert.
847 4077 954 4132 Mit
987 4077 1401 4148 personlichem

283 4146 496 4218 Objekt
531 4151 678 4204 auch
716 4149 849 4204 Tac.
888 4167 1015 4203 ann.
1054 4155 1104 4202 2.
1144 4154 1229 4203 62.

353 4227 402 4274 3.
452 4220 813 4276 Thessalis.
887 4219 1023 4272 Man
1076 4217 1399 4288 vergleiche

280 4289 390 4346 den
442 4290 674 4346 Bericht
718 4292 855 4346 iiber
900 4291 1084 4346 dieses
1131 4289 1403 4343 Manbver

282 4361 377 4416 bei
411 4361 536 4418 Arr.
576 4368 623 4416 2.
666 4368 713 4416 9.
757 4367 803 4418 1.

389 4461 583 4512 Voss»,
622 4461 673 4511 Q.
702 4459 899 4502 Curtius.
939 4461 977 4501 1.

1508 2910 1730 2964 inmissi
1779 2913 1952 2963 erant.
2048 2907 2308 2962 Gemeint
2362 2907 2487 2962 sind
2541 2909 2633 2964 die

1512 2985 1544 3045 ξ
1584 2985 1615 3033 2
1655 2980 1761 3032 mit
1797 2979 1926 3033 dem
1953 2979 2150 3034 Worte
2179 2979 2340 3034 ceteri
2375 2978 2635 3033 bezeich-

1511 3055 1681 3105 neten
1716 3049 1996 3120 Truppen.
2067 3048 2196 3118 Vgl.
2239 3055 2320 3104 10.
2360 3055 2410 3105 2.
2451 3055 2520 3104 30
2568 3051 2634 3106 in

1510 3123 1749 3176 medium
1785 3137 1980 3190 agmen
2015 3136 2070 3176 se
2103 3122 2332 3177 inmisit.
2369 3121 2485 3174 Das
2521 3119 2631 3177 fol-

1511 3191 1693 3262 gende
1740 3192 2065 3259 circumfusi
2098 3191 2280 3259 nicht,
2331 3192 2440 3246 wie
2476 3195 2632 3247 sonet

1510 3262 1710 3318 immer
1744 3262 1839 3317 bei
1867 3261 1944 3331 0.,
1981 3262 2409 3332 umringend,
2445 3263 2630 3319 sond.=

1510 3335 1828 3404 umringt.
1850 3364 1917 3374 —-
1938 3335 2433 3389 concurrentia.
2467 3333 2628 3388 Sinn:

1511 3406 1593 3458 sie
1643 3405 1828 3460 trafen
1880 3405 1980 3458 auf
2015 3405 2300 3459 einander
2365 3403 2466 3458 auf
2515 3405 2630 3458 und

1509 3479 1724 3530 storten
1777 3475 1898 3529 sich
1953 3491 2016 3529 so
2071 3476 2438 3545 gegenseitig.
2524 3474 2630 3532 Die

1509 3545 1706 3600 Worte
1751 3548 1824 3600 in
1867 3547 2116 3602 cosdem
2160 3547 2312 3601 wohl
2354 3563 2462 3600 nur
2507 3547 2630 3602 eine

1507 3616 1910 3686 Dittographie
1983 3636 2110 3670 zum
2181 3617 2485 3687 folgenden
2567 3620 2632 3673 in

1510 3690 1726 3742 hostem.
1783 3718 1850 3726 -
1907 3688 1980 3742 in
2033 3689 2291 3744 humum
2347 3715 2416 3733 =
2460 3690 2630 3754 humi,

1512 3759 1659 3814 auch
1697 3761 1854 3812 sonst
1890 3757 1982 3812 bei
2020 3757 2106 3827 0.,
2147 3779 2189 3814 ε.
2227 3759 2292 3814 Ε.
2331 3765 2428 3827 94,
2465 3759 2627 3814 Anm.

1584 3870 1634 3918 ὅ.
1672 3865 1745 3918 in
1781 3865 1994 3920 eodem
2040 3866 2352 3934 vestiyio,
2397 3865 2508 3933 vgl.
2547 3879 2628 3918 eo-

1510 3936 1630 3990 dem
1665 3936 1890 4004 vestiyio
1921 3953 2198 3991 remancre
2225 3935 2450 4006 (Caes.);
2488 3936 2629 3989 mori

1508 4008 1576 4060 in
1609 4009 1834 4076 vcstiyio
1870 4007 2048 4076 (Lim).

1583 4117 1632 4166 6.
1671 4118 1740 4167 at
1774 4113 1958 4180 illoc,
1997 4113 2088 4168 die
2115 4111 2488 4179 Macedonier,
2525 4111 2628 4165 das

1510 4181 2048 4253 Gedankensubjekt
2082 4200 2194 4239 von
2230 4188 2260 4247 ὅ
2299 4186 2455 4235 4-6.

1585 4294 1632 4342 7.
1671 4291 1956 4358 opimum
1991 4289 2212 4356 decue,
2241 4289 2386 4342 auch
2417 4294 2446 4342 7
2485 4293 2535 4342 4.
2557 4295 2630 4343 40

1512 4385 1581 4404 =
1617 4361 1798 4429 spolia
1831 4361 2090 4430 (Praeda)
2125 4360 2324 4428 opima.

2172 4453 2202 4504 7
