3069 4749
443 156 479 218 ,1
492 154 575 218 74
1348 154 1412 218 Q.
1452 153 1674 209 CUR'I'I
1709 153 1884 210 RUFI

421 319 837 382 'revertemur
890 317 962 382 in
1014 318 1319 400 patriam.
1409 316 1660 401 Nolite,
1719 317 1889 403 quod
1936 318 2112 405 pigri
2159 317 2484 402 agricolae
2528 318 2812 404 faciunt,

334 416 402 466 27
442 409 735 470 maturos
798 406 1048 472 fructus
1116 428 1231 490 per
1295 407 1601 472 inertiam
1667 407 1967 472 amittere
2031 429 2066 472 e
2123 407 2441 472 manibus.
2540 407 2810 473 Maiora

442 497 594 559 sunt
636 495 940 578 periculis
985 496 1302 578 praemia:
1349 494 1529 561 dives
1577 495 1802 560 eadem
1841 501 1908 561 et
1943 496 2206 562 inbellis
2243 499 2346 560 est
2380 497 2584 580 regio.
2664 495 2808 562 Ita-

441 604 566 667 que
609 605 742 648 non
787 586 923 647 tam
969 583 1049 648 ad
1096 585 1377 668 gloriam
1423 606 1541 648 vos
1589 584 1770 668 duco,
1819 607 2014 669 quam
2064 584 2145 649 ad
2182 585 2511 668 praedam.
2591 585 2808 669 Digni
2891 623 2902 630 ·

441 671 631 754 estis,
677 672 791 756 qui
836 694 1022 756 opes,
1068 694 1228 756 quas
1275 673 1439 736 illud
1486 695 1666 738 mare
1711 674 2017 739 litoribus
2063 673 2334 756 invehit,
2379 673 2678 739 referatis
2731 675 2805 738 in

439 760 741 844 patriam,
778 760 977 844 digni,
1013 761 1126 845 qui
1161 761 1325 825 nihil
1363 761 1793 847 inexpertum,
1827 762 1997 828 nihil
2035 766 2214 827 metu
2254 761 2569 827 omissum
2607 763 2808 827 relin-

334 855 403 904 28
441 848 676 933 quatis,
758 847 883 913 Per
926 870 1045 914 vos
1091 849 1499 934 gloriamque
1545 855 1849 935 vestram,
1896 873 2024 936 qua
2059 851 2418 916 humanum
2453 850 2802 935 fastigium

443 937 767 1020 exceditis,
810 958 1052 1020 perque
1098 940 1165 1001 et
1209 959 1356 1002 mea
1390 939 1456 1002 in
1495 961 1614 1004 vos
1651 944 1721 1005 et
1755 941 1826 1004 in
1861 961 1966 1006 me
2005 942 2224 1004 vestra
2259 940 2514 1023 merita,
2561 940 2801 1024 quibus

441 1025 673 1089 invicti
720 1025 1186 1110 contendimus,
1234 1047 1349 1091 oro
1398 1049 1788 1113 quaesoque,
1831 1051 1914 1093 ne
1951 1028 2382 1093 humanarum
2419 1050 2633 1093 rerum
2671 1032 2803 1093 ter-

442 1115 655 1178 minos
694 1113 1038 1178 adeuntem
1076 1114 1412 1180 alumnum
1450 1117 2088 1202 commilitonemque
2125 1120 2435 1199 vestrum,
2469 1139 2553 1181 ne
2582 1117 2796 1181 dicam

336 1208 405 1256 29
443 1221 692 1287 regem,
740 1202 1071 1268 deseratis
1162 1201 1397 1270 Cetera
1441 1205 1630 1269 vobis
1665 1205 2014 1291 imperavi,
2060 1205 2186 1271 hoc
2219 1227 2424 1269 unum
2461 1206 2802 1270 debiturus

444 1312 605 1354 sum.
685 1290 777 1356 Et
820 1291 879 1355 is
923 1312 1041 1356 vos
1087 1311 1269 1377 roge,
1317 1293 1427 1376 qui
1470 1293 1642 1358 nihil
1687 1315 1996 1380 umquam
2043 1294 2232 1358 vobis
2277 1295 2593 1378 praecepi,
2639 1294 2806 1379 quin

442 1379 688 1462 primus
744 1401 847 1443 me
899 1381 1207 1464 periculis
1266 1382 1639 1465 obtulerim,
1705 1383 1818 1468 qui
1876 1404 2070 1467 saepe
2128 1381 2332 1448 aciem
2387 1383 2594 1465 clipeo
2651 1405 2802 1447 meo

445 1467 599 1532 texi.
680 1466 781 1532 Ne
828 1469 1229 1554 infregeritis
1274 1469 1345 1534 in
1390 1471 1690 1536 manibus
1736 1471 1900 1536 meis
1938 1471 2244 1556 palmam,
2290 1492 2418 1555 qua
2454 1469 2806 1536 Herculem

336 1561 407 1610 30
446 1554 881 1642 Liberumque
935 1556 1225 1640 Patrem,
1288 1559 1344 1622 si
1368 1637 1385 1646 ἱ
1408 1559 1654 1624 invidia
1710 1560 1976 1641 afuerit,
2041 1559 2352 1645 aequabo.
2450 1558 2620 1625 Date
2675 1559 2806 1624 hoc

442 1645 743 1728 precibus
798 1646 960 1710 meis
1017 1649 1083 1710 et
1128 1647 1392 1711 tandem
1438 1647 1845 1713 obstinatum
1899 1649 2234 1714 silentium
2279 1649 2574 1732 rumpite.
2665 1647 2806 1713 Ubi

444 1737 545 1797 est
581 1733 695 1797 ille
732 1733 995 1817 clamor,
1040 1735 1403 1801 alacritatis
1440 1741 1698 1802 vestrae
1733 1737 1974 1802 index?
2023 1738 2138 1802 ubi
2182 1737 2297 1801 ille
2335 1757 2627 1801 meorum
2664 1735 2806 1801 Ma-

444 1822 758 1886 cedonum
813 1823 1078 1888 vultus?
1178 1821 1335 1889 Non
1387 1824 1716 1910 adgnosco
1770 1847 1916 1906 vos,
1975 1826 2249 1910 milites,
2312 1847 2434 1891 nec
2491 1825 2801 1911 adgnosci

442 1910 666 1975 videor
702 1934 742 1976 a
777 1911 983 1977 vobis.
1056 1910 1298 1978 Surdas
1336 1913 1714 1979 iamdudum
1753 1937 1942 1980 aures
1977 1915 2199 1999 pulso,
2237 1936 2500 1979 aversos
2539 1915 2799 1980 animos

339 2005 405 2053 31
446 2003 513 2064 et
564 1999 879 2066 infractos
936 2001 1217 2066 excitare
1262 2000 1510 2067 conor'.

445 2089 765 2172 capitibus
820 2092 1037 2154 tacere
1090 2096 1612 2176 perseverarent,
1669 2090 1940 2158 ‘Nescio
1988 2091 2195 2177 quid',
2249 2092 2488 2176 inquit,
2535 2092 2638 2156 ‘in
2683 2115 2802 2158 vos

443 2177 1346 2333 fflssffissffiffekiffikflsssi.
1372 2178 2802 2352 ¹²¹1}0¹30¹33333232¹23632³m2¹¹22¹1⁸sm1¹2§5311

448 2351 624 2430 Quos
690 2354 1050 2438 adloquor?
1114 2356 1272 2439 quid
1335 2361 1556 2423 autem
1616 2357 1927 2441 postulo?
2025 2356 2331 2423 Vestram
2395 2358 2670 2442 gloriam
2733 2360 2805 2422 et

340 2452 407 2501 32
445 2442 960 2528 magnitudinem
1013 2443 1433 2510 vindicamus,
1534 2446 1670 2511 Ubi
1725 2451 1879 2512 sunt
1932 2446 2032 2511 illi
2044 2497 2063 2531 ,
2126 2465 2399 2533 quorum
2466 2451 2800 2513 certamen

517 2691 603 2742 27.
641 2688 1074 2757 relinquatis.
1129 2690 1411 2747 Aehnlich
1438 2692 1570 2763 sagt

445 2755 943 2885 Smnssmrtgehrfach:
979 2760 1323 2831 ineaepmum
1350 2762 1568 2833 aliquid

516 2904 603 2955 28.
630 2916 752 2970 per
785 2918 911 2957 vos,
976 2902 1106 2972 Vgl.
1147 2901 1282 2959 Sall.
1318 2904 1446 2973 Jug.
1481 2909 1565 2959 14.

446 2976 515 3025 25
555 2988 657 3040 per
698 2988 818 3041 vos,
868 2988 971 3042 per
1016 2974 1240 3041 libero&
1294 2972 1428 3028 Sall.
1486 2992 1566 3031 or.

446 3040 644 3097 Cottae
675 3048 741 3097 13
769 3061 874 3114 per
907 3059 1027 3111 vos,
1066 3044 1333 3114 Quirites,
1370 3050 1420 3099 et
1454 3047 1568 3114 910-

443 3114 589 3167 riam
633 3114 933 3179 maionem,-
985 3114 1104 3171 Liv.
1144 3120 1353 3171 29:18.
1393 3122 1425 3169 9
1464 3134 1571 3187 per

1674 2691 1928 2747 dankbar
1962 2692 2320 2776 verpflichtet
2347 2690 2468 2747 sein
2495 2692 2698 2747 werde.
2731 2722 2798 2734 -

1673 2764 1887 2833 clipeo
1933 2768 2099 2831 text,
2155 2764 2329 2818 etwas
2374 2762 2796 2831 hyperbolisch;

1673 2832 1765 2888 die
1821 2834 2033 2903 griech.
2091 2833 2289 2900 Quelle
2345 2835 2474 2903 sagt
2527 2850 2658 2889 nur:
2715 2832 2799 2895 εἷς

1672 2904 1785 2958 τῶν
1820 2903 2128 2974 προμάχων
2166 2896 2254 2974 ἦν.
2282 2935 2351 2945 -
2380 2906 2456 2957 in
2491 2904 2801 2959 manibus

1672 2977 1874 3042 meis‚‘
1904 2974 2126 3031 Beisatz
2168 2992 2295 3030 zum
2335 2974 2550 3043 ,objekt
2593 2974 2700 3029 wie
2747 2980 2798 3029 3.

1677 3052 1762 3100 12.
1810 3050 1843 3099 5
1897 3048 2196 3102 amiculum
2250 3048 2314 3101 in
2356 3046 2617 3100 manibus
2663 3047 2800 3113 eius,

1675 3118 1775 3186 qui
1807 3118 2044 3184 ferebat,
2091 3119 2330 3187 agnovit.
2404 3116 2519 3171 Der
2565 3116 2798 3172 Satzan-

1604 2001 1896 2086 Oumque
1942 2003 2042 2068 illi
2085 2004 2154 2068 in
2201 2007 2445 2068 terram
2491 2003 2796 2069 demissis
2823 2006 2898 2068 11

444 3200 539 3238 vos
564 3186 825 3254 sideraque
848 3190 1097 3240 vestram.
1152 3186 1343 3241 Etwas
1366 3187 1568 3242 andei-s

436 3271 543 3323 per
576 3271 672 3324 ⁶9⁰
705 3271 801 3311 vos
834 3258 941 3311 etc.
980 3257 1125 3312 oben
1161 3264 1211 3311 4.
1254 3263 1337 3311 14.
1376 3263 1472 3324 24;
1515 3263 1567 3313 ὅ.

446 3332 497 3380 8.
528 3331 613 3380 16.
644 3356 711 3367 —-
738 3327 997 3382 human.
1034 3329 1421 3399 fastiyium,
1458 3329 1567 3383 wie

450 3401 531 3450 10.
569 3401 656 3449 24.
729 3396 861 3465 Vgl.
909 3400 1137 3453 mortale
1177 3400 1469 3469 fastiyium
1513 3405 1566 3453 4.

448 3473 494 3521 ¹¹1.
526 3473 559 3522 8
587 3465 704 3521 und
730 3469 978 3523 excedere
1003 3469 1291 3538 fastiyium
1318 3475 1366 3525 5.
1401 3476 1447 3527 1.
1478 3476 1566 3525 28.

446 3568 517 3579 -
551 3538 805 3592 invicti
840 3562 909 3584 =
951 3539 1404 3610 ‘unvai-dromon,
1450 3540 1562 3595 ein-

446 3608 621 3664 ander
659 3608 1167 3667 fiberbietend'.
1240 3612 1368 3681 Vgl.
1414 3614 1568 3667 vinci

444 3680 631 3747 officio
651 3685 865 3749 ⁷.10.s‚
893 3682 1077 3735 studio
1098 3686 1146 3737 5.
1165 3688 1211 3735 1.
1228 3688 1299 3735 20
1320 3682 1435 3737 und
1460 3683 1567 3737 da.-

446 3750 797 3823 griechische
850 3751 1046 3822 νικᾶν,
1100 3747 1357 3821 ὑστερεῖν
1404 3748 1566 3823 εὔερ-

446 3823 737 3891 γετοῦντα.
810 3822 891 3877 Zu
926 3824 1299 3878 contendimus
1344 3842 1386 3880 s.
1426 3830 1457 3889 ἓ
1494 3830 1564 3879 32

446 3894 898 3949 contendentium.
938 3924 1005 3934 —
1044 3894 1408 3962 alumnum,
1458 3896 1564 3950 wie

448 3970 499 4020 3.
538 3970 589 4020 6.
629 3970 676 4019 1.
717 3994 783 4004 -—
820 3981 898 4019 ne
931 3966 1174 4031 dicam,
1211 3966 1263 4022 d.
1291 3966 1348 4020 h.
1385 3984 1481 4020 um
1506 3966 1570 4020 in

448 4035 661 4090 diesem
676 4035 836 4089 Falle
862 4034 981 4091 dies
1000 4037 1121 4104 (das
1140 4052 1214 4090 an
1232 4036 1353 4091 sich
1374 4036 1565 4091 wich-

446 4104 639 4174 tigste)
676 4123 777 4175 gar
813 4106 977 4161 nicht
1009 4124 1076 4161 zu
1112 4108 1427 4163 erwahnen.

518 4182 604 4230 29.
643 4177 1001 4233 debiturus
1026 4194 1191 4246 sum,
1220 4179 1273 4233 d.
1293 4179 1349 4233 h.
1378 4179 1566 4234 werde

446 4244 542 4299 ich
585 4264 696 4301 von
740 4249 883 4303 euch
930 4250 1233 4305 erbitten
1272 4250 1375 4305 als
1412 4250 1566 4304 eine

450 4314 689 4384 (iuuet,
744 4318 832 4372 ffir
887 4319 977 4374 dic
1029 4320 1125 4376 ich
1179 4322 1321 4376 euch
1364 4322 1568 4377 immor

1675 3189 1814 3257 fang
1849 3186 1958 3242 wie
1992 3190 2168 3243 unten
2205 3194 2256 3243 4.
2296 3194 2382 3242 21.
2421 3218 2488 3229 -—
2527 3188 2801 3243 invidia

1675 3275 1750 3313 sc.
1787 3259 2036 3325 deorum,
2073 3278 2114 3314 s.
2153 3264 2203 3313 8.
2243 3264 2291 3313 5.
2335 3264 2426 3323 193
2469 3264 2554 3313 10.
2594 3264 2644 3311 9.
2683 3264 2732 3311 6.

1747 3334 1834 3384 30.
1870 3330 1974 3385 sil.
2005 3331 2326 3398 rumpite,
2359 3332 2514 3399 poet.
2542 3348 2597 3383 u.
2625 3330 2799 3384 nach·

1675 3400 1960 3455 classisch.
2000 3431 2068 3442 —
2105 3401 2228 3455 ille
2261 3400 2519 3467 cultim,
2557 3400 2611 3454 d.
2637 3400 2675 3453 i.
2706 3399 2802 3454 die

1673 3472 1854 3539 alten,
1911 3471 2100 3527 lieben
2151 3470 2373 3539 Blicke‚
2430 3471 2672 3526 Mienen.
2729 3500 2801 3509 --

1663 3543 1883 3610 pulso,
1967 3541 2146 3597 Daffir
2190 3544 2318 3612 sagt
2363 3542 2585 3597 Cicero:
2636 3556 2804 3596 aua-es

1671 3614 1928 3669 obtundo.
2005 3612 2195 3684 Vergl.
2237 3628 2400 3668 aures
2433 3614 2676 3682 fatigare
2714 3617 2799 3665 10.

1677 3690 1744 3739 16
1781 3702 1834 3738 11.
1873 3691 1924 3740 8.
1966 3690 2048 3739 13.
2088 3690 2172 3739 10.
2221 3714 2290 3724 —-
2336 3689 2395 3737 et
2439 3685 2800 3750 infractos.

1671 3754 1750 3809 Er
1811 3755 2074 3811 vermisst
2136 3754 2225 3808 die
2281 3754 2400 3809 alte
2456 3754 2630 3809 Liebe
2682 3752 2800 3808 und

1673 3826 1785 3951 {gn
1833 3824 1990 3881 alten
2039 3824 2404 3896 Kriegsmuth
2451 3825 2634 3881 seiner
2679 3822 2798 3879 Sol-

1747 3900 1861 3953 ten.

1747 3973 1833 4023 31.
1885 3972 2108 4038 ramat,
2145 3966 2349 4022 absol.=
2390 3966 2554 4035 ‘sagt
2587 3964 2800 4033 wenig-

1675 4039 1830 4093 stens
1849 4039 1940 4093 ein
1960 4040 2175 4107 kartes,
2195 4036 2584 4093 entechiednes
2604 4035 2796 4090 Nein'.

1674 4139 1743 4149 —-
1779 4111 1942 4179 quid
1987 4115 2218 4165 autem.
2293 4108 2550 4177 Ergitnze
2593 4106 2802 4162 vorher

1673 4178 1836 4235 einen
1899 4179 2208 4236 Godanken
2269 4179 2376 4234 wie
2441 4184 2502 4233 at
2563 4177 2800 4233 duriora

1663 4252 1903 4375 pos-tuga.
1965 4251 2122 4305 Ganz
2149 4249 2376 4305 ahnlich
2405 4249 2673 4319 quamdiu
2695 4262 2802 4302 au·

1673 4326 1778 4377 tem
1860 4322 1934 4376 iv.
1975 4326 2025 4378 2.
2065 4327 2151 4376 82.
2192 4328 2240 4377 6.
