3069 4749
835 135 1350 193 HISTORIARUM
1384 136 1818 193 ALEXANDRI
1853 136 1958 192 VII
1968 179 1984 207 ,
2022 141 2071 193 8.
2539 136 2624 201 91

263 303 479 367 altera
532 321 729 365 manu
784 297 1143 377 Orientem,
1196 299 1403 365 altera
1459 298 1878 366 Occidentem
1933 299 2344 384 contingeres
2392 302 2460 363 et
2502 298 2626 364 hoc

270 391 617 455 adsecutus
672 388 839 453 scire
892 387 1118 470 velles,
1180 388 1294 453 ubi
1358 389 1531 454 tanti
1594 389 1880 453 numinis
1942 387 2164 472 fulgor
2229 386 2626 453 conderetur.

269 478 379 543 Sic
442 498 701 562 quoque
766 476 1195 559 concupiscis,
1258 499 1421 561 quae
1484 498 1618 541 non
1673 476 1872 562 capis.
1971 476 2077 541 Ab
2131 476 2398 561 Europa
2455 476 2627 559 petis
2669 490 2732 537 13

266 566 518 650 Asiam,
556 586 635 631 ex
672 565 837 629 Asia
870 564 1110 629 transis
1146 565 1217 628 in
1252 563 1616 649 Europam:
1655 565 1903 648 deinde,
1940 564 1999 630 si
2033 564 2390 629 humanum
2422 584 2627 649 genus

266 677 461 723 omne
506 653 933 739 superaveris,
979 673 1125 717 cum
1163 653 1344 719 silvis
1392 660 1458 719 et
1500 654 1762 720 nivibus
1809 656 1876 717 et
1921 653 2298 718 fluminibus
2344 652 2628 737 ferisque

268 744 503 809 bestiis
549 747 855 827 gesturus
904 764 971 807 es
1017 741 1283 809 bellum.
1366 742 1580 819 Quid?
1627 748 1701 809 tu
1748 743 2013 827 ignoras
2051 742 2314 808 arbores
2353 760 2627 825 magnas
2669 755 2736 804 14

270 832 385 897 diu
448 853 758 912 crescere,
821 852 952 895 una
1012 829 1178 896 hora
1241 831 1601 915 extirpari?
1704 829 1958 898 Stultus
2023 835 2151 909 est,
2217 830 2328 914 qui
2381 830 2628 895 fructus

273 942 497 985 earum
551 922 829 1005 spectat,
884 917 1301 985 altitudinem
1354 942 1488 985 non
1541 922 1832 985 metitur.
1922 918 2120 1001 Vide,
2172 940 2283 1003 ne,
2336 917 2492 983 dum
2547 916 2630 983 ad

270 1030 579 1075 cacumen
651 1009 990 1093 pervenire
1056 1008 1427 1089 contendiS,
1502 1030 1650 1075 cum
1712 1008 1878 1093 ipsis
1941 1008 2177 1091 ramis,
2251 1028 2412 1090 quos
2479 1028 2629 1073 con·

264 1097 711 1182 prehenderis,
745 1096 1020 1161 decidas.
1101 1094 1234 1163 Leo
1272 1119 1525 1184 quoque
1565 1096 1912 1181 aliquando
1949 1095 2365 1161 minimarum
2405 1095 2626 1160 avium
2667 1108 2731 1157 15

264 1186 587 1270 pabulum
640 1185 771 1249 fuit
826 1191 892 1250 et
944 1184 1193 1251 ferrum
1236 1187 1472 1272 rubigo
1521 1186 1867 1252 consumit.
1957 1184 2144 1250 Nihil
2187 1188 2325 1249 tam
2371 1182 2631 1249 firmum

270 1280 401 1358 est,
464 1275 569 1357 cui
628 1273 990 1357 periculum
1052 1295 1187 1339 non
1252 1274 1340 1341 sit
1395 1276 1596 1341 etiam
1657 1276 1742 1341 ab
1807 1274 2113 1339 invalid0.
2214 1272 2386 1348 Quid
2437 1271 2628 1337 nobis
2671 1286 2736 1335 16

266 1366 485 1428 tecum
533 1362 683 1428 est?
765 1360 1141 1447 Numquam
1186 1364 1429 1429 terram
1474 1369 1657 1429 tuam
1707 1363 2064 1448 attigimus.
2146 1360 2272 1437 Qui
2309 1360 2419 1444 sis,
2464 1360 2632 1425 unde

266 1451 524 1529 venias,
579 1452 815 1517 licetne
862 1452 1163 1535 ignorare
1207 1450 1278 1515 in
1324 1453 1531 1517 vastis
1580 1452 1762 1518 silvis
1809 1450 2226 1517 viventibus?
2316 1447 2381 1514 N
2385 1470 2456 1513 ec
2501 1470 2629 1513 ser-

266 1540 406 1605 vire
444 1539 563 1605 ulli
598 1562 949 1623 possumus
986 1560 1103 1604 nec
1141 1540 1462 1624 imperare
1500 1540 1957 1605 desideramus,
2025 1538 2216 1605 Dona
2251 1538 2438 1602 nobis
2477 1537 2632 1602 data
2674 1551 2739 1601 17

270 1631 443 1711 sunt,
484 1650 567 1693 ne
614 1624 1005 1713 Scytharum
1051 1632 1315 1711 gentem
1358 1631 1646 1714 ignores,
1693 1630 1918 1715 iugum
1965 1630 2161 1694 boum
2210 1630 2276 1691 et
2323 1630 2633 1709 aratrum,

270 1717 533 1801 sagitta,
578 1716 789 1801 hasta,
840 1721 1086 1800 patera.
1169 1715 1293 1781 His
1340 1722 1584 1783 utimur
1632 1721 1698 1783 et
1744 1739 1892 1782 cum
1939 1716 2166 1782 amicis
2214 1718 2280 1779 et
2325 1713 2634 1779 adversus

266 1805 588 1871 inimicos.
668 1804 917 1890 Fruges
966 1805 1191 1871 amicis
1239 1806 1467 1872 damus
1513 1809 1714 1872 boum
1750 1806 1976 1871 labore
2012 1804 2363 1890 quaesitas,
2406 1806 2636 1887 patera
2675 1817 2739 1866 18

266 1915 416 1959 cum
462 1893 673 1959 isdem
717 1895 944 1959 vinum
989 1893 1088 1959 dis
1134 1894 1435 1974 libamus,
1478 1896 1778 1961 inimicos
1827 1894 2072 1979 sagitta
2117 1893 2394 1975 eminus,
2441 1890 2637 1955 hasta

269 1983 632 2048 comminus
696 1983 999 2067 petimus.
1110 1980 1217 2048 Sic
1282 1980 1510 2069 Syriae
1576 2004 1796 2069 regem
1862 1987 1930 2047 et
1990 1986 2226 2066 postea
2288 1980 2632 2045 Persarum

267 2069 737 2157 Medorumque
794 2071 1271 2157 superavimus,
1323 2074 1668 2157 patuitque
1722 2071 1913 2139 nobis
1970 2070 2097 2135 iter
2142 2091 2345 2153 usque
2392 2069 2464 2133 in
2507 2066 2633 2132 Ae-

270 2162 569 2245 gyptum.
667 2160 760 2225 At
814 2164 914 2243 tu,
980 2160 1092 2243 qui
1154 2165 1221 2225 te
1286 2161 1592 2247 gloriaris
1657 2161 1740 2225 ad
1806 2161 2095 2226 latrones
2153 2155 2632 2244 persequendos
2675 2172 2740 2221 19

268 2390 417 2446 oben
451 2395 502 2442 4.
543 2395 591 2444 3.
651 2417 719 2428 --
776 2389 1231 2458 continyeres,
1285 2389 1395 2444 wie
1506 2390 1607 2445 Ov.
1670 2405 1700 2443 e
1745 2388 1909 2444 Pont.
1970 2394 2015 2442 1.
2077 2394 2126 2444 1.
2185 2393 2249 2444 ’11
2306 2385 2526 2442 roditur
2569 2388 2637 2440 ut

268 2461 417 2516 nach
452 2458 837 2530 griechischer
865 2459 1015 2528 Sage
1039 2459 1299 2530 Typhon.
1327 2491 1395 2501 -
1504 2461 1706 2516 scabra
1737 2461 1982 2529 positum
2015 2460 2276 2529 rubiyinc
2309 2458 2535 2525 ferrum.

268 2532 455 2586 tanti
499 2531 833 2597 numini&
878 2528 1161 2586 deiktisch
1211 2531 1400 2601 ‘jener
1582 2537 1665 2587 17.
1687 2525 2636 2586 Dona.Wahrscheinlichschrieb

270 2601 661 2669 strahlenden‚
718 2601 1045 2671 machtigen
1088 2600 1392 2670 Gottheit'‚
1508 2603 1586 2669 0.,
1624 2602 1731 2658 wie
1771 2609 1818 2658 ’1.
1861 2608 1943 2656 10.
1977 2607 2062 2668 14,
2099 2603 2260 2658 deum
2295 2601 2459 2656 dona.
2527 2599 2637 2654 Zur

266 2673 327 2726 d.
348 2672 383 2727 i.
415 2672 515 2726 der
535 2671 769 2727 Sonne.
826 2670 955 2741 Vgl.
984 2673 1115 2727 solis
1141 2674 1329 2742 fulqor
1347 2680 1397 2728 4.
1507 2673 1689 2728 Sache
1727 2690 1772 2728 s.
1807 2673 2012 2727 Herod.
2041 2678 2092 2726 4.
2123 2678 2181 2727 5:
2224 2667 2290 2726 ἐκ
2325 2670 2429 2726 τοῦ
2467 2664 2636 2738 οὖρα-

275 2749 360 2798 14.
391 2748 478 2799 24.
546 2743 659 2798 Der
683 2743 940 2812 poetisch
968 2743 1229 2813 geffirbte
1257 2744 1399 2800 Aus-
1506 2745 1614 2798 νοῦ
1688 2740 1978 2813 φερόμενα
2047 2738 2260 2812 χρύσεα
2327 2737 2635 2809 ποιήματα,

269 2813 449 2870 druek
503 2814 785 2870 erscheint
838 2832 979 2884 ganz
1034 2830 1400 2886 angemessen
1507 2811 1808 2885 ἄροτρόν
1839 2832 1909 2868 τε
1939 2812 2036 2867 καὶ
2065 2808 2274 2881 ζυγὸν
2301 2811 2400 2865 καὶ
2428 2807 2638 2880 σάγα-

268 2885 351 2940 im
404 2883 613 2940 Munde
670 2884 769 2940 des
823 2884 1139 2940 schlichten
1193 2886 1399 2941 Natur-
1508 2905 1616 2956 ριν
1662 2884 1761 2940 καὶ
1809 2881 2070 2953 φιάλην
2119 2880 2349 2936 πεσέειν
2405 2879 2487 2943 εἰς
2531 2877 2636 2950 τὴν

272 2957 493 3012 sohnes.
568 2956 788 3011 Andere
834 2956 991 3011 lesen
1038 2957 1281 3012 lumime.
1330 2987 1401 2999 --
1506 2951 1829 3026 Σκυθικήν.
1851 2971 2102 3011 -uem
2137 2955 2422 3022 iquores.
2471 2951 2634 3006 Sinn:

272 3029 1043 3083 conderetur=occideret
1068 3027 1175 3082 wie
1198 3035 1279 3082 11.
1304 3034 1399 3096 213
1508 3028 1691 3084 damit
1735 3028 1812 3083 du
1851 3043 2020 3082 unser
2055 3023 2216 3082 Land
2248 3021 2410 3078 nicht
2447 3021 2536 3078 fur
2572 3038 2635 3078 so

271 3104 325 3152 4.
367 3104 449 3154 10.
490 3104 537 3154 2.
614 3098 775 3154 Sinn:
834 3101 911 3152 du
958 3099 1207 3153 wurdest
1252 3099 1403 3154 daun
1506 3117 1652 3170 ganz
1687 3115 1810 3154 arm
1846 3099 2044 3153 haltst.
2449 3125 2459 3132 ·

272 3170 419 3225 auch
467 3170 569 3225 der
606 3168 788 3226 Sonne
835 3170 893 3224 in
942 3170 1045 3225 das
1082 3169 1261 3225 Reich
1302 3170 1402 3226 der
1584 3176 1666 3226 18.
1715 3170 1762 3226 S
1814 3171 1961 3225 riae
2004 3169 2095 3223 fiir
2128 3167 2398 3238 Assyriae
2439 3164 2548 3222 wie
2583 3171 2636 3222 5.

272 3241 435 3296 Tiefe
472 3261 541 3297 zu
576 3242 772 3312 folgen
808 3241 1108 3312 begehren.
1508 3250 1555 3298 1.
1596 3247 1682 3297 35.
1807 3242 1934 3296 nter
1967 3257 2142 3310 reyem
2182 3240 2258 3294 ist
2292 3238 2448 3295 wohl
2483 3237 2640 3294 einer

344 3320 428 3368 13.
466 3329 634 3383 quae
667 3329 801 3369 non
834 3315 1041 3382 capis.
1098 3313 1226 3383 Vgl.
1258 3320 1307 3369 6.
1338 3319 1387 3369 9‘.
1504 3313 1608 3368 der
1669 3312 2006 3368 schwaehen
2071 3309 2417 3380 Nachfolger
2472 3309 2636 3365 Esar-

274 3391 339 3439 11
387 3387 569 3454 spirat
621 3387 839 3440 maiora
892 3401 1059 3454 quam
1112 3386 1279 3454 capit.
1328 3415 1396 3426 —-
1503 3383 1794 3440 Haddon's
1823 3385 1882 3455 (†
1902 3385 2030 3453 6⁷5)
2049 3401 2120 3438 zu
2135 3382 2460 3450 verstehen3
2490 3381 2638 3436 doch

270 3457 561 3522 tramis,
608 3456 679 3510 de
725 3459 933 3511 conatu
978 3474 1023 3512 s.
1060 3473 1115 3512 v.
1152 3473 1201 3512 a.
1241 3461 1396 3512 tran·
1504 3456 1719 3511 konnte
1766 3471 1900 3510 man
1935 3455 2080 3509 nach
2117 3452 2306 3509 Justin
2343 3455 2416 3521 (2.
2453 3459 2504 3507 3.
2547 3454 2634 3520 18)

270 3527 385 3582 sire
411 3543 607 3594 paras.
1506 3529 1654 3583 auch
1717 3543 1792 3582 an
1855 3527 2018 3582 einen
2080 3526 2182 3580 der
2234 3524 2456 3593 Konige
2513 3541 2550 3578 v
2563 3539 2638 3577 or

349 3602 435 3651 14.
490 3599 609 3653 diu
645 3621 713 3644 ==
748 3615 873 3652 nur
914 3599 977 3653 in
1020 3599 1220 3672 langer
1262 3600 1399 3669 Zeit,
1504 3599 1686 3654 Ninus
1726 3599 1798 3666 (‘?)
1842 3597 2079 3652 denken.
2161 3596 2290 3652 Von
2333 3597 2482 3650 etwa
2529 3599 2634 3648 685

274 3668 603 3736 langsam.
1504 3687 1582 3726 an
1607 3668 2044 3724 durohstreiften
2073 3666 2473 3737 scythisohe
2496 3665 2636 3720 Hor-

349 3743 433 3793 15.
498 3740 872 3809 aliquando
934 3741 1089 3808 fuit.
1190 3741 1267 3795 Es
1326 3742 1400 3797 ist
1504 3741 1618 3796 den
1653 3757 1796 3810 ganz
1831 3739 2196 3805 Mittelasien,
2232 3736 2636 3805 besiegten

272 3809 599 3880 sprachlich
644 3811 931 3880 statthaft,
988 3813 1291 3882 aliquando
1328 3837 1397 3860 ==
1504 3812 1646 3867 den
1699 3808 2190 3880 Mederkonig
2254 3809 2636 3878 Kyaxares

268 3879 659 3937 manchmal
713 3900 783 3936 zu
834 3881 1020 3937 fassen
1068 3883 1267 3954 (verglz
1316 3884 1400 3948 τὶς
1504 3885 1862 3952 (633-593),
1908 3881 2384 3936 brandsehatzten
2417 3879 2454 3933 J
2455 3879 2638 3934 udae-a

269 3953 656 4020 maneher,
728 3951 865 4008 ποτὲ
930 3955 1398 4025 manehmal);
1504 3954 1624 4009 und
1649 3953 1889 4010 kehrten
1916 3955 2034 4008 eret
2060 3968 2144 4006 an
2171 3951 2300 4005 den
2327 3950 2636 4005 Grenzen

270 4021 420 4079 doch
489 4024 663 4094 spielt
726 4023 826 4078 der
878 4024 1154 4096 Sprecher
1214 4027 1395 4082 wahr—
1505 4027 1908 4095 Aegyptens
1961 4041 2074 4081 um.
2156 4022 2286 4076 Erst
2336 4025 2440 4076 605
2486 4019 2634 4075 trieb

269 4094 581 4150 seheinlich
628 4093 732 4152 auf
772 4095 897 4151 eine
940 4095 1259 4152 bestimmte
1296 4097 1396 4152 Er·
1506 4097 1590 4152 sie
1633 4095 1734 4151 der
1776 4094 2145 4164 Mederkonig
2190 4092 2398 4148 wieder
2441 4090 2505 4146 in
2543 4089 2637 4146 ihr

264 4165 515 4236 zahlung
576 4184 664 4224 an.
770 4167 1047 4222 Aehnlich
1102 4166 1180 4223 ist
1231 4187 1275 4222 z.
1335 4169 1396 4222 B.
1508 4166 1712 4224 Gebiet
1755 4166 1982 4222 zuriiok.
2065 4163 2167 4219 Bei
2215 4165 2518 4218 Persarum
2561 4161 2638 4216 ist

270 4235 491 4308 Aesops
522 4236 698 4294 Fabel
725 4240 837 4308 (no.
866 4239 993 4307 234)
1031 4254 1165 4294 vom
1192 4239 1403 4294 Low-en
1508 4238 1657 4295 doeh
1677 4238 1829 4293 wohl
1847 4256 1916 4292 zu
1943 4236 2166 4291 denken
2191 4253 2266 4290 an
2289 4233 2380 4289 die
2401 4233 2634 4289 Nieder-

270 4306 388 4360 und
430 4307 529 4364 der
572 4309 793 4366 Mficke.
833 4340 901 4350 —
939 4310 1098 4365 rubi
1104 4327 1140 4379 9
1150 4326 1195 4366 ο.
1270 4309 1400 4380 Vgl.
1509 4311 1682 4380 lagen
1723 4309 1822 4376 des
1869 4307 2043 4378 Cyrus
2083 4309 2232 4378 (529)
2279 4305 2393 4361 und
2429 4304 2633 4361 Darius
