3069 4749
261 767 326 815 19

293 151 298 156 '
367 139 448 204 76
1307 143 1370 204 Q.
1410 141 1629 192 CURTI
1663 141 1838 192 RUFI

363 302 522 367 tatis
570 302 845 366 oblitus:
892 300 1208 384 ‘Habeo',
1253 294 1486 385 inquit,
1533 299 1858 386 ‘paratum
1904 297 2137 364 mortis
2183 320 2364 364 meae
2406 300 2715 380 ultorem:

365 394 626 476 expetet
670 412 912 474 poenas
970 390 1225 456 consilii
1287 391 1413 455 mei
1467 390 1671 474 spreti
1726 390 1782 454 is
1837 389 2005 473 ipse,
2062 392 2289 454 contra
2345 410 2536 472 quem
2590 389 2717 454 tibi

365 481 560 546 suasi.
607 479 710 543 Tu
738 479 998 564 quidem
1023 479 1290 544 licentia
1316 479 1501 563 regni
1530 482 1667 543 tam
1695 479 1909 543 subito
1940 480 2228 542 mutatus
2258 477 2716 543 documentum

363 569 489 633 eris
535 569 846 653 posteriS,
890 567 1214 651 homines,
1271 589 1418 632 cum
1465 589 1533 632 se
1579 568 1929 650 permisere
1973 565 2299 649 fortunae,
2358 567 2555 632 etiam
2601 588 2715 632 na-

362 662 579 722 turam
626 655 993 722 dediscere?
1077 655 1258 721 Haec
1303 655 1787 734 vociferantem,
1836 654 2068 740 quibus
2116 655 2505 739 imperatum
2556 658 2717 738 erat,

366 744 687 832 iugulant.
748 743 906 810 Sera
953 744 1180 810 deinde
1227 744 1629 828 paenitentia
1676 744 1877 810 subiit
1910 763 2131 827 regem
2171 765 2245 808 ac
2280 766 2436 808 vera
2472 744 2713 808 dixisse

365 833 700 900 confessus
748 834 1006 918 sepeliri
1053 853 1208 902 eum·
1246 834 1458 898 iussit.

1379 1008 1539 1076 Off.
1583 1008 1701 1074 ΙΙΙ.

545 1133 921 1220 Thymodes
968 1137 1109 1199 erat
1151 1132 1462 1199 Mentoris
1507 1133 1700 1218 filius,
1745 1133 2024 1218 impiger
2067 1133 2348 1197 iuvenis:
2396 1134 2498 1199 cui
2534 1154 2713 1217 prae·
2744 1154 2785 1217 6

366 1227 622 1312 ceptum
668 1247 707 1288 a
751 1245 934 1309 rege,
989 1244 1215 1288 omnes
1270 1223 1649 1307 peregrinos
1707 1222 1976 1305 milites,
2030 1221 2097 1285 in
2155 1221 2300 1306 quis
2356 1222 2714 1304 plurimum

361 1312 650 1378 habebat
705 1313 870 1396 spei,
935 1335 973 1376 a
1030 1307 1452 1377 Pharnabazo
1510 1311 1855 1395 acciperet:
1912 1331 2111 1393 opera
2166 1332 2389 1375 eorum
2444 1332 2714 1374 usurum

365 1423 433 1466 se
489 1401 559 1466 in
617 1401 810 1466 bello,
902 1399 1038 1484 Ipsi
1099 1399 1520 1466 Pharnabazo
1580 1399 1781 1464 tradit
1845 1399 2219 1482 imperium,
2284 1397 2457 1482 quod
2521 1401 2713 1463 antea

363 1490 696 1554 Memnoni
743 1489 1022 1554 dederat.

546 1578 828 1643 Anxium
873 1578 950 1642 de
987 1578 1385 1642 instantibus
1433 1577 1606 1642 curis
1645 1575 1988 1661 agitabant
2022 1575 2223 1640 etiam
2260 1597 2379 1660 per
2416 1596 2712 1640 somnum

367 1667 615 1751 species
661 1666 1134 1731 imminentium
1169 1687 1406 1750 rerum,
1452 1666 1587 1730 sive
1624 1666 1771 1730 illas
1810 1665 2167 1751 aegritudO,
2216 1665 2349 1729 sive
2396 1664 2713 1728 divinatio
2768 1740 2781 1744 ,

368 1757 569 1821 animi
613 1755 1087 1841 praesagientis
1144 1754 1458 1820 accersiit.
1552 1752 1787 1830 Castra
1832 1753 2188 1818 Alexandri
2243 1774 2485 1838 magno
2542 1751 2713 1836 ignis

365 1845 624 1930 fulgore
670 1846 1008 1909 conlucere
1054 1845 1114 1908 ei
1159 1845 1304 1910 visa
1351 1847 1502 1909 sunt
1547 1848 1613 1908 et
1658 1845 1854 1928 paulo
1892 1847 2045 1926 post
2081 1843 2447 1913 Alexander
2484 1839 2715 1906 adduci

365 1934 445 1999 ad
491 1937 703 2019 ipsum
749 1934 818 1998 in
865 1955 940 1998 eo
992 1933 1192 1999 vestis
1237 1933 1486 2016 habitu,
1534 1954 1661 2016 quo
1707 1934 2020 2014 quondam
2064 1932 2204 2015 ipse
2252 1931 2502 2016 fuisset,
2550 1953 2715 2016 equo

365 2022 594 2087 deinde
640 2044 757 2106 per
794 2022 1135 2105 Babylona
1180 2026 1404 2086 vectus
1451 2021 1669 2085 subito
1716 2042 1860 2084 cum
1908 2021 2052 2103 ipso
2101 2041 2267 2104 equo
2318 2021 2520 2084 oculis
2570 2041 2710 2083 esse

366 2110 737 2176 subductus.
781 2109 887 2174 Ad
932 2111 1093 2174 haec
1139 2113 1321 2174 vates
1366 2110 1549 2173 varia
1594 2109 2131 2190 interpretatione
2180 2127 2401 2171 curam
2448 2107 2711 2170 distrin-

365 2201 610 2262 xerant.
657 2197 792 2260 Alii
827 2198 1070 2260 laetum
1107 2197 1168 2262 id
1209 2196 1349 2279 regi
1386 2195 1711 2259 somnium
1750 2215 1891 2258 esse
1929 2192 2249 2275 dicebant,
2286 2193 2458 2277 quod
2494 2199 2711 2257 castra

364 2286 654 2350 hostium
709 2285 1050 2368 arsissent,
1105 2284 1275 2366 quod
1328 2281 1771 2346 Alexandrum
1828 2280 2123 2364 deposita
2176 2282 2357 2365 regia
2410 2284 2587 2345 veste
2645 2281 2715 2345 in

363 2459 806 2528 supplicium,
827 2456 1030 2512 ebenso
1055 2456 1334 2525 beiSuet.;
1357 2457 1476 2512 Liv.

365 2532 466 2584 hat
504 2530 668 2583 daffir
704 2529 962 2597 capitalis
990 2544 1188 2597 poena.

440 2606 522 2655 18.
563 2601 847 2655 licentia
882 2600 1076 2668 reqm'
1113 2624 1180 2645 ε-
1259 2596 1477 2669 ασιλικὴ

367 2668 596 2739 ἐξουσία
641 2670 732 2726 bei
777 2669 1013 2739 Diodor‚
1060 2671 1159 2725 der
1229 2674 1320 2725 ast
1367 2672 1480 2725 die-

367 2744 560 2799 selben
577 2743 772 2798 Worte
791 2742 906 2797 hat.
923 2773 988 2781 —
1009 2758 1072 2797 se
1091 2744 1482 2811 permisere,

366 2814 624 2882 tadelnd‚
681 2814 832 2867 ‘sich
877 2830 1022 2883 ganz
1067 2812 1128 2866 in
1175 2813 1266 2881 die
1309 2814 1482 2869 Arme

367 2886 626 2953 werfen’3
664 2886 871 2941 lobend
899 2885 1089 2939 wiirde
1117 2884 1237 2939 sein
1263 2902 1319 2941 se
1346 2902 1484 2940 com·

366 2960 589 3013 mittere.
627 2946 778 3012 Uber
814 2956 924 3011 den
959 2956 1127 3010 indic.
1156 2956 1236 3009 im
1264 2956 1484 3011 Neben-

369 3030 489 3082 satz
529 3028 582 3079 d.
622 3043 700 3081 or.
739 3027 850 3081 obl.
889 3045 930 3080 s.
969 3026 1032 3081 E.
1065 3031 1184 3080 111.

444 3104 524 3153 19.
553 3114 630 3153 su
641 3099 798 3164 biit,
831 3097 1146 3153 ‘fiberkam’
1159 3092 1484 3167 (ὑπῆλθεν).

297 3159 302 3164 ’
369 3168 442 3223 So
471 3168 712 3223 braucht
739 3169 912 3223 sehon
949 3168 1143 3222 Livius
1177 3169 1276 3221 das
1303 3168 1484 3235 Wort,

368 3240 502 3325 aber
531 3258 635 3294 nur
660 3239 767 3294 mit
795 3238 1076 3309 Objekten
1101 3238 1209 3293 wie
1239 3240 1488 3294 animum

367 3328 421 3363 u.
461 3326 510 3365 a.

795 3404 931 3487 ΚΛ».
961 3432 1060 3487 111.
1130 3484 1141 3494 .

445 3529 492 3576 1.
544 3517 929 3593 Thymodes),
982 3522 1191 3577 wieder
1237 3522 1493 3577 erwahnt

372 3600 422 3649 8.
463 3600 511 3649 1.
567 3594 768 3647 Arrian
804 3595 978 3647 neunt
1006 3592 1113 3663 -ihn
1153 3590 1486 3662 Θυμώνδας.

371 3664 484 3721 Der
521 3662 764 3719 Satzbau
801 3664 908 3719 wie
948 3671 994 3719 ’1.
1036 3670 1084 3720 5.
1127 3670 1224 3731 19;
1263 3682 1306 3719 s.
1342 3666 1489 3720 auch

372 3737 516 3791 oben
565 3742 613 3791 1.
666 3742 746 3791 11.
787 3764 854 3775 —
891 3736 1229 3804 acciperet
1266 3735 1316 3789 d.
1356 3735 1393 3789 i.
1433 3753 1494 3789 er

373 3807 514 3861 sollo
553 3806 1042 3872 iibernehmen3
1087 3807 1200 3875 vgl.
1243 3805 1396 3870 Caes.
1433 3806 1490 3863 b.

371 3897 424 3948 g.
477 3885 526 3934 3.
576 3883 660 3932 17.
715 3884 744 3932 1
797 3894 934 3945 quas
979 3896 1016 3931 a
1065 3876 1295 3934 Caesare
1345 3894 1491 3933 aece-

277 3952 280 3956 ’
363 3955 543 4018 perat.
601 3947 738 4003 Dass
766 3947 866 4002 Th.
897 3948 989 4001 die
1016 3948 1494 4004 fibernommenen

375 4020 644 4090 Truppen
677 4020 1076 4088 unverzi'iglich
1113 4019 1240 4074 dem
1269 4019 1492 4089 Konige
1539 4070 1543 4077 ,

375 4091 643 4145 zufi’ihren
680 4091 820 4147 solle
857 4089 1002 4158 (Arr.
1033 4096 1082 4145 2.
1113 4095 1162 4144 2.
1206 4092 1276 4159 1),
1304 4090 1382 4145 ist
1407 4091 1492 4145 als

376 4160 932 4217 selbstverstandlich
969 4161 1139 4229 ‚nicht
1191 4161 1492 4216 hesonders

377 4234 645 4287 erwahnt.
676 4263 744 4273 -
772 4248 1052 4288 usurum
1087 4248 1167 4287 se.
1209 4232 1390 4301 Opera
1407 4233 1495 4287 uti

378 4317 423 4356 c.
462 4318 586 4371 gen.
624 4302 764 4357 wird
795 4304 936 4359 aller
965 4304 1140 4359 Orten
1167 4319 1299 4359 vom
1327 4301 1490 4359 Feld·

1588 2458 1754 2511 herrn
1781 2457 1998 2527 gesagt‚
2028 2454 2129 2509 der
2146 2454 2411 2525 Truppen
2430 2474 2501 2510 zu
2520 2455 2703 2511 einem

1588 2528 1955 2583 bestimmten
1992 2526 2227 2581 Zwecke
2263 2525 2601 2581 verwendet.
2634 2557 2700 2566 —-

1588 2600 1957 2667 imperium.
2016 2598 2122 2652 Zur
2161 2596 2340 2652 Sache
2379 2615 2421 2652 s.
2460 2603 2545 2651 13.
2588 2602 2671 2652 14.

1662 2676 1711 2725 2.
1750 2671 2044 2725 anxium.
2084 2665 2191 2723 Die
2210 2668 2579 2737 Verbindung
2604 2668 2713 2723 mit

1592 2742 1659 2797 de
1702 2740 1780 2797 ist
1822 2740 1983 2807 nkl.„
2016 2758 2059 2794 s,
2108 2738 2170 2793 E.
2209 2745 2294 2794 43.
2332 2770 2404 2781 —
2432 2740 2713 2803 ‘instan-

1590 2814 1775 2867 tibus
1812 2837 1881 2859 ==
1920 2807 2246 2877 ἐνεστῶσιν,
2300 2810 2549 2880 gemeint
2584 2810 2711 2866 sind

1594 2882 1686 2938 die
1730 2902 1850 2937 zur
1896 2882 2047 2937 Zeit
2092 2882 2203 2936 den
2239 2881 2430 2951 Koa-ig
2471 2881 2711 2937 bedran-

1594 2955 1815 3025 genden
1852 2952 2085 3023 Sorgm,
2119 2952 2211 3007 die
2241 2951 2455 3024 Sergen
2481 2970 2577 3007 um
2615 2952 2707 3007 die

1592 3024 1886 3080 nachste
1934 3023 2198 3079 Zukunft.
2284 3022 2357 3079 So
2400 3024 2715 3093 praeteritis

1593 3096 2034 3165 instantibusque
2078 3096 2241 3149 malis
2286 3092 2407 3148 Liv.
2446 3100 2497 3163 2.
2537 3098 2621 3148 36.
2664 3098 2713 3146 2.

1666 3174 1715 3221 3.
1772 3169 1845 3221 in
1890 3183 1959 3221 eo
2004 3183 2051 3222 v.
2099 3166 2356 3220 habitu.
2430 3151 2585 3217 Uber
2621 3163 2714 3217 die

1594 3236 1955 3307 Praposition
1994 3256 2037 3291 e.
2076 3235 2139 3290 E.
2171 3242 2266 3303 46,
2304 3236 2526 3289 habitus
2552 3235 2715 3289 vestis

1597 3308 1689 3361 ffir
1723 3309 1885 3363 vestis
1929 3306 2035 3361 wie
2083 3314 2133 3361 4.
2184 3312 2229 3362 1.
2269 3310 2355 3359 22.
2395 3336 2461 3345 -
2500 3320 2715 3375 quon-

1598 3380 1745 3434 dam
1783 3379 1833 3433 d.
1856 3379 1893 3434 i.
1923 3378 2009 3432 als
2029 3377 2393 3432 Privatmann
2412 3392 2515 3430 vor
2534 3392 2717 3431 semer

1598 3449 2133 3519 Thronbesteigung
2168 3450 2221 3517 (ς
2257 3450 2331 3518 5).
2390 3448 2498 3501 Zur
2534 3447 2717 3503 Sache

1597 3521 1711 3591 vgl.
1766 3521 1916 3575 Plut.
1974 3520 2130 3573 Alex.
2191 3523 2258 3573 18
2313 3516 2414 3573 τὸν
2470 3514 2523 3573 δ’
2579 3513 2718 3573 'Ali-
2798 3534 2803 3537 ·

1598 3592 1843 3661 ξανδρον
1892 3588 2095 3659 ἔχοντα
2140 3588 2372 3659 στολήν,
2423 3583 2496 3659 ἣν
2546 3584 2721 3659 αὐτὸς

1600 3661 1871 3731 (namlich
1918 3662 2142 3726 Darius)
2194 3656 2471 3730 πρότερον
2520 3655 2723 3729 ἐφόρει

1603 3728 1641 3787 ἄ
1655 3752 1725 3788 cv
1737 3731 1775 3787 ά
1788 3752 1820 3786 ν
1834 3734 1913 3801 δη
1925 3751 1951 3794 ς
1990 3727 2068 3785 ὢν
2098 3729 2367 3805 βασιλέως
2382 3732 2457 3801 (d.
2468 3731 2505 3786 i.
2518 3730 2719 3801 konig-

1600 3803 1779 3859 licher
1818 3803 2370 3873 Oberpostmeiater),
2413 3798 2720 3869 ὑπηρετεῖν

1604 3870 1782 3949 αὐτῷ,
1838 3869 2206 3943 παρελθόντα
2261 3868 2313 3929 δ’
2364 3872 2445 3935 εἰς
2492 3868 2555 3925 τὰ
2614 3871 2715 3925 τοῦ

1601 3942 1785 4015 Βήλου
1850 3943 2083 4015 τέμενος
2156 3940 2359 4013 ἀφανῆ
2392 3940 2719 4012 ·γενέσθάι.
2786 3982 2797 3993 .

1603 4016 1831 4086 Spater,
1902 4020 2069 4071 unter
2133 4018 2467 4071 Artaxerxes
2531 4011 2720 4067 Ochus

1603 4090 1660 4157 (†
1690 4094 1833 4157 338),
1870 4104 1986 4141 war
2013 4086 2215 4141 Darius
2244 4082 2582 4161 Statthalter¹
2606 4097 2741 4151 von·

1602 4160 1908 4213 Armenion
1944 4174 2217 4228 gewesen.

1674 4236 1725 4285 4.
1764 4231 1849 4285 ad
1883 4231 2041 4284 haec
2076 4254 2143 4274 Β
2182 4225 2433 4283 darauf
2473 4224 2610 4279 hin.
2646 4254 2719 4266 —-

1604 4318 1831 4357 curam
1858 4300 2387 4356 distrinxerunt.
2407 4295 2721 4353 DieWorte
