3069 4749
371 1949 436 2000 17
473 1952 667 1997 nosse
713 1929 1103 2015 coeperunt?

486 167 611 232 192

1385 171 1449 233 Q.
1488 169 1707 222 CURTI
1740 170 1916 221 RUFI

481 332 592 416 qui
636 331 915 397 multum
969 331 1038 395 in
1092 351 1357 396 suorum
1412 329 1853 396 misericordia
1908 334 2186 415 ponunt,
2241 330 2574 417 ignorant,
2631 353 2826 417 quam

374 433 439 482 12
478 420 771 486 celeriter
834 419 1143 485 lacrimae
1205 420 1597 485 inarescant.

1703 417 1913 484 Nemo
1979 419 2257 485 fideliter
2320 420 2562 507 diligit,
2634 442 2826 506 quem

475 509 756 593 fastidit,
802 531 957 574 nam
1002 512 1069 573 et
1112 508 1449 574 calamitas
1498 508 1770 592 querula
1807 511 1907 572 est
1943 511 2009 573 et
2045 508 2326 593 superba
2362 509 2656 576 felicitas.
2720 509 2826 575 Ita

477 619 663 664 suam
709 598 981 701 quisque
1026 596 1359 700 fortunam
1395 598 1475 700 ,1ιι
1520 597 1792 662 consilio
1839 596 2056 700 habet,
2082 618 2250 699 ‘cum
2287 598 2364 700 de
2411 598 2624 700 aliena
2667 598 2822 664 deli·

475 685 1171 859 Esssstifafftlffiofffflssssd
1192 686 2336 859 ”ssssssgssffeissnsssssszufflfflgss
2357 690 2821 860 Ρίἶῗέεξῖἒῖῗ

477 975 605 1056 quo
650 953 812 1019 haec
860 974 1113 1018 semesa
1169 953 1534 1018 obruamus,

373 878 439 927 13
476 863 661 930 rere?
753 863 1034 929 Obsecro
1081 885 1227 947 vos,
1277 865 1435 930 olim
1480 864 1616 928 vita
1671 864 1958 929 defuncti
2011 885 2398 948 quaeramus
2451 866 2697 949 locum,
2751 865 2826 930 in

1625 950 1813 1017 Grati
1867 973 2134 1038 prorsus
2187 953 2572 1039 coniugibus
2592 1006 2611 1040 ,
2661 975 2822 1039 quas

476 1044 741 1108 iuvenes
780 1041 1092 1126 duximus,
1126 1043 1544 1107 revertemur!
1620 1040 1886 1107 Liberi'
1867 1063 1935 1106 ιιι
1969 1041 2128 1107 flore
2157 1045 2223 1106 et
2247 1041 2482 1108 aetatis
2511 1046 2580 1107 et
2607 1064 2826 1108 rerum

374 1145 441 1194 14
480 1131 878 1216 adgnoscent
920 1134 1143 1215 patres
1190 1131 1501 1216 ergastuli
1547 1130 1958 1195 detrimenta!
2033 1129 2124 1195 Et
2169 1134 2370 1215 quota
2412 1152 2564 1215 pars
2609 1132 2822 1197 nostri

476 1223 579 1286 tot
639 1221 817 1285 obire
875 1222 1085 1285 terras
1143 1219 1405 1303 potest?
1495 1219 1731 1284 Procul
1785 1218 2054 1303 Europa
2114 1219 2182 1284 in
2241 1220 2478 1286 ultima
2535 1219 2824 1286 Orientis

474 1309 769 1394 relegati,
806 1329 1012 1392 senes,
1049 1308 1313 1393 debiles,
1359 1309 1605 1374 maiore
1641 1308 2081 1374 membrorum
2117 1313 2301 1393 parte
2337 1309 2621 1393 mulcati,
2655 1310 2826 1374 tole·

373 1413 438 1462 15
475 1398 765 1463 rabimus
812 1397 1079 1482 scilicet,
1116 1419 1279 1482 quac
1315 1400 1602 1462 armatos
1640 1400 1706 1461 ct
1740 1397 2018 1462 victores
2055 1396 2459 1483 fatigarunt„
2496 1395 2824 1484 Coniuges

474 1487 719 1566 deinde,
764 1508 927 1571 quas
974 1488 1185 1570 captis
1232 1486 1367 1552 fors
1412 1489 1480 1551 et
1521 1485 1876 1551 necessitas
1923 1485 2186 1551 unicum
2247 1486 2561 1551 solacium
2618 1486 2822 1571 adpli-

474 1575 635 1659 cuit,
690 1596 1053 1659 parvosque
1115 1574 1357 1641 liberos
1420 1574 1742 1640 trahimus
1805 1575 2142 1640 nobiscum
2208 1597 2292 1640 an
2353 1575 2824 1661 relinquimus?

370 1680 437 1730 16
476 1662 640 1731 Cum
684 1664 791 1729 his
836 1664 1167 1729 venientes
1211 1685 1401 1729 nemo
1461 1663 1854 1748 adgnoscere
1909 1663 2112 1729 volet:
2169 1663 2608 1766 relinquemus
2655 1685 2822 1767 ,ergo

474 1754 798 1837 extemplo
835 1753 1205 1837 praesentia
1239 1754 1533 1838 pignora,
1573 1773 1720 1818 cum
1755 1754 2076 1818 incertum
2115 1753 2218 1837 sit,
2256 1775 2339 1816 an
2375 1753 2578 1819 visuri
2617 1753 2821 1818 simus

474 1841 606 1922 illa,
652 1863 815 1928 quae
861 1840 1185 1926 petimus?
1275 1841 1454 1906 Inter
1498 1841 1622 1906 hos
1666 1841 2000 1906 latendum
2047 1845 2178 1923 est,
2225 1842 2336 1925 qui
2379 1863 2502 1906 nos
2550 1842 2822 1908 miseros

1194 1929 1373 1998 Haec
1418 1930 1798 1996 Euctemon.
1891 1927 2137 1995 Contra
2181 1928 2574 1994 Theaetetus
2611 1930 2817 1995 Athe·
2847 1934 2927 1999 19

471 2020 715 2086 niensis
763 2041 951 2085 orsus
998 2025 1099 2085 est
1142 2019 1380 2086 dicere.
1424 2019 1769 2086 Neminem
1815 2019 1996 2102 pium
2044 2018 2276 2083 habitu
2322 2019 2614 2102 corporis
2663 2041 2817 2085 suos

474 2109 986 2192 aestimaturum,
1030 2109 1257 2192 utique
1304 2109 1582 2174 saevitia
1622 2108 1860 2191 hostis,
1917 2129 2051 2172 non
2094 2110 2334 2172 natura
2379 2107 2822 2176 calamitosos.

472 2195 762 2283 Dignum
801 2219 944 2262 esse
983 2197 1161 2262 omni
1198 2198 1391 2281 malo,
1418 2198 1532 2283 qui
1571 2197 1976 2262 erubesceret
2011 2195 2316 2262 fortuito:
2351 2196 2609 2262 tristem
2651 2197 2824 2262 enim

474 2286 551 2350 de
617 2287 1016 2352 mortalitate
1084 2286 1253 2350 ferre
1314 2285 1705 2351 sententiam
1765 2289 1834 2350 et
1891 2286 2229 2369 desperare
2291 2285 2824 2370 misericordiam,

371 2393 438 2444 18
478 2376 591 2459 qui
636 2397 781 2440 eam
817 2374 958 2459 ipse
997 2374 1183 2440 alteri
1221 2374 1656 2461 denegaturus
1696 2376 1801 2441 sit.
1865 2373 2060 2458 DeoS‚
2098 2374 2268 2458 quod
2303 2374 2432 2459 ipsi
2466 2396 2824 2461 numquam

474 2468 705 2548 optare
752 2464 896 2529 ausi
939 2464 1173 2548 forent,
1219 2464 1448 2529 offerre
1494 2464 1794 2548 patriam,
1839 2464 2163 2549 coniuges,
2208 2464 2447 2529 liberos
2494 2464 2587 2550 ets,
2635 2464 2820 2549 quid-

369 2572 435 2622 19
474 2552 630 2636 quid
673 2553 966 2618 homines
1019 2554 1124 2619 vel
1183 2552 1320 2618 vita
1376 2555 1726 2618 aestimant
1785 2554 1888 2618 vel
1951 2556 2158 2617 morte
2214 2552 2557 2618 redimunt.

2647 2552 2821 2629 Quin

471 2642 570 2707 illi
608 2663 686 2706 ex
720 2641 846 2708 hoc
885 2663 1135 2708 carcere
1174 2641 1630 2726 erumperent?
1671 2642 1871 2707 alium
1909 2641 2086 2706 domi
2124 2662 2264 2707 esse
2292 2642 2455 2707 caeli
2491 2642 2819 2726 haustum,

473 2730 671 2795 alium
743 2732 923 2797 lucis·
980 2735 1325 2817 aspectum.
1425 2730 1669 2815 Mores,
1733 2753 1946 2817 sacra,
2025 2730 2289 2817 linguae
2362 2731 2818 2797 commercium

472 2924 594 2977 eine
630 2922 737 2977 Art
766 2921 835 2977 ἓν
872 2922 971 2979 διὰ
1008 2926 1173 2979 δυοῖν
1217 2924 1308 2978 fur
1351 2924 1591 2979 solitudo

471 2995 793 3050 oblivionem
837 2997 1124 3065 praebens·
1170 3025 1242 3035 —
1286 2996 1590 3063 multum,

470 3066 641 3119 naml.
678 3068 809 3135 spei.
858 3096 928 3109 -
980 3068 1393 3122 inarescant.
1469 3066 1590 3122 Gito

470 3136 702 3191 lam-ima
737 3139 937 3193 arescit
980 3154 1097 3193 war
1141 3136 1592 3206 sprichwbrtlich
1625 3200 1630 3206 ,

469 3206 615 3261 nach
664 3205 776 3263 Cic.
814 3210 958 3278 p-art
999 3225 1077 3263 or.
1117 3213 1203 3264 57.
1276 3208 1405 3278 Vgl.
1444 3210 1590 3263 auch

474 3276 661 3342 Quint.
710 3227 955 3335 6.1p.27
1008 3280 1095 3335 m‘l
1147 3280 1376 3347 facilius
1424 3296 1591 3349 quam

470 3349 505 3403 Ζ.
542 3350 821 3406 inarescit.

544 3424 627 3474 12.
648 3422 957 3491 querula,
981 3420 1461 3488 unzufrieden,
1487 3421 1588 3475 la-

468 3491 833 3547 mentabel.
864 3523 931 3533 -
958 3493 1032 3548 in
1059 3492 1349 3549 consilio
1374 3493 1588 3548 habet.

470 3560 600 3630 Vgl.
642 3567 779 3618 3.5.
820 3569 904 3619 12.
942 3594 1012 3606 --
1046 3569 1301 3631 mutuo,
1339 3563 1588 3633 inglei-

473 3632 606 3687 cher
639 3633 876 3701 Weise’,
914 3652 956 3689 s.
993 3636 1059 3689 Ε.
1098 3641 1182 3690 63.

544 3709 625 3758 13.
653 3706 799 3760 vita
824 3707 1156 3776 defuncti,
1188 3704 1433 3774 fertig
1460 3706 1591 3759 mit

468 3775 615 3830 dem
663 3775 941 3832 Leben'.
988 3808 1055 3819 -
1109 3779 1266 3835 haee
1316 3792 1588 3845 semesa,

468 3845 817 3903 hinweisend
844 3847 935 3903 fiir
960 3850 1091 3905 haee
1106 3864 1305 3905 semesa
1330 3849 1585 3905 membra.

469 3948 536 3957 —-—
575 3918 651 3973 in
698 3920 899 3988 flore,
952 3936 1094 3990 ganz
1140 3918 1372 3975 ahnlich
1411 3924 1494 3975 10.
1534 3923 1585 3974 5.

472 3993 557 4043 10.
612 3991 677 4044 in
728 3993 785 4059 fl.
835 3992 1033 4047 aetatis
1085 3992 1457 4061 fortunaeque
1516 4020 1585 4031 —-

467 4061 875 4130 adanoseent
910 4062 1018 4118 mit
1048 4068 1233 4132 patres
1268 4080 1337 4117 zu
1364 4060 1588 4117 verbin-

468 4130 592 4185 den.
640 4162 707 4173 —-
758 4134 1165 4189 detrimenta
1212 4149 1339 4203 ery.
1380 4158 1449 4179 τε
1492 4133 1586 4188 ho·

466 4202 638 4257 mittes
672 4220 765 4274 erq
767 4206 946 4261 astula
986 4206 1225 4262 detritos.
1301 4204 1354 4258 S.
1392 4203 1455 4259 Ε
1497 4208 1581 4257 11.

542 4274 624 4326 14.
643 4278 862 4331 nostri
879 4276 1039 4331 nieht
1056 4282 1302 4333 nostrum
1319 4274 1414 4331 bei
1428 4291 1582 4344 pars,

471 4355 513 4395 s.
543 4341 603 4397 Ε.
632 4348 718 4399 87.
747 4378 819 4387 -
846 4354 1137 4405 armatos
1172 4354 1231 4404 et
1264 4348 1582 4415 victores,

1697 2922 1789 2979 ein
1816 2924 1963 2978 Heer
1991 2939 2104 2978 von
2121 2922 2410 2992 Kriegern,
2439 2923 2616 2978 noch
2644 2923 2821 2977 dazu

1697 2992 2193 3065 siegesfreudigen.

1772 3070 1853 3121 15.
1893 3066 2227 3120 trahimus
2261 3064 2368 3121 wie
2405 3070 2456 3121 3.
2499 3071 2700 3119 1312.
2743 3064 2816 3121 So

1696 3136 1823 3190 wir.
1845 3134 2112 3190 ‘nehmen
2129 3136 2233 3191 wir
2251 3136 2332 3190 sie
2348 3136 2452 3191 mit
2467 3137 2603 3191 oder
2614 3136 2817 3203 nicht',

1697 3207 1776 3261 im
1813 3206 1984 3260 Sinne
2020 3205 2174 3261 eines
2209 3205 2590 3263 Dubitativus.

1771 3283 1856 3333 16.
1910 3282 2118 3333 extem
2174 3279 2257 3344 zo,
2316 3280 2420 3332 auf
2467 3280 2568 3333 der
2621 3279 2814 3346 stelle,

1694 3349 1939 3405 leichtcn
1976 3294 2211 3404 Kaufp
2161 3365 2211 3416 s
2259 3350 2400 3404 uber
2437 3350 2735 3421 piynora
2771 3367 2814 3403 s.

1694 3420 1757 3478 E.
1791 3425 1872 3475 11.
1912 3450 1979 3460 —
2017 3433 2208 3476 nosse
2241 3426 2601 3491 coeperunt
2627 3446 2696 3467 -
2725 3437 2817 3476 eo-

1693 3494 2013 3563 ynovertmt

1770 3568 1853 3618 17.
1889 3567 2161 3629 eontra,
2204 3561 2284 3617 im
2321 3563 2814 3634 entgegengesetz-

1695 3636 1794 3689 ten
1840 3632 2028 3689 Sinne.
2077 3665 2145 3674 —
2190 3634 2485 3701 fortuito
2529 3649 2602 3689 se.
2637 3634 2814 3699 malm

1697 3704 1860 3760 Sinn:
1899 3706 2000 3760 der
2027 3704 2147 3760 sich
2175 3702 2328 3759 eines
2363 3704 2814 3760 unverschul-

1696 3776 1899 3831 deten
1955 3775 2192 3832 schamt.
2246 3806 2319 3817 --
2366 3775 2814 3843 mortalitate,

1697 3846 2360 3923 ‘Menschennaturss
2396 3847 2513 3901 nkl.

1768 3923 1851 3973 18.
1881 3913 1942 3975 et
1967 3919 2326 4000 quidquid,
2345 3888 2493 3973 ’‘und
2515 3934 2630 3973 was
2658 3919 2815 3973 sonst

1691 3989 1894 4056 noch’3
1933 3990 2033 4043 der
2061 3988 2199 4044 Sinn
2227 3990 2325 4043 des
2352 3988 2680 4059 Folgenden
2706 3988 2811 4044 istz

1692 4076 1809 4115 was
1837 4062 1996 4116 sonst
2019 4060 2167 4115 noch
2195 4060 2286 4115 die
2315 4059 2618 4115 Menschen
2652 4062 2814 4115 tener

1691 4131 1886 4187 halten
1939 4131 2129 4201 gleich
2192 4130 2374 4185 ihrem
2429 4131 2617 4187 Leben
2683 4130 2812 4199 (wie

1690 4202 1976 4258 aestimare
2003 4203 2218 4273 inqenti
2251 4203 2530 4271 peewnia),
2559 4202 2677 4257 bez.
2705 4201 2813 4256 mit

1690 4272 1820 4328 dem
1837 4272 2026 4327 Leben
2045 4271 2312 4328 erkaufen
2325 4272 2507 4328 bereit
2521 4272 2661 4327 sind.
2677 4270 2816 4343 [Vel

1688 4358 1757 4399 m.
1793 4344 2086 4410 redimunt,
2121 4361 2230 4397 nur
2265 4342 2388 4399 eine
2427 4342 2621 4398 Glosse
2634 4343 2688 4414 ?]
