3069 4749
182 434 276 500 30

761 140 1273 198 HISTORIARUM
1310 139 1744 196 ALEXANDRI
1779 140 1955 210 V1111,
1995 147 2042 198 7.
2082 147 2132 198 8.

2507 141 2637 208 195

1272 301 1429 369 Off.
1478 301 1656 368 VIII.

471 429 781 495 Indorum
846 429 1079 516 legati'
1112 428 1360 494 dimissi
1423 429 1650 494 domos
1716 429 1936 512 paucis
1999 434 2150 514 post
2213 430 2438 496 diebus
2495 452 2640 497 cum
2681 443 2708 490 1

294 520 480 586 donis
543 521 975 584 revertuntur.

1094 533 1220 584 ccc
1286 521 1472 582 erant
1534 517 1814 601 equites,
1887 535 2086 583 Mxxx
2155 541 2432 606 curruS,
2482 541 2640 604 quos

298 608 665 695 quadriiugi
704 607 849 692 equi
888 607 1222 690 ducebant,
1267 605 1477 671 lineae
1513 605 1794 671 vestisa
1755 606 2180 691 aliquantum,
2225 608 2407 673 mille
2455 612 2640 674 scuta

294 697 518 762 Indica
565 701 632 761 et
672 695 827 761 ferri
876 694 1131 761 candidi
1175 695 1423 760 talenta
1470 713 1509 760 c
1555 694 1902 779 leonesque
1946 717 2132 761 rarae
2170 696 2708 782 magnitudinis2

298 790 364 851 66
406 787 633 870 618166,
676 788 1019 869 utrumque
1066 783 1311 848 animal
1350 783 1432 848 ad
1468 784 2028 849 mansuetudinem
2065 785 2402 869 domitum,
2443 787 2640 851 lacer-

295 879 507 940 tarum
556 892 802 974 quoque
847 874 1211 958 ingentium
1256 873 1460 956 pelles
1506 877 1573 936 et
1620 871 1816 937 dorsa
1857 873 2275 939 testudinum.
2368 871 2638 940 Cratero
2677 887 2709 935 3

296 963 523 1028 deinde
578 961 860 1046 imperat
913 983 1054 1045 rex,
1106 961 1281 1026 haud
1338 961 1566 1045 procul
1623 983 1840 1046 amne,
1894 983 2010 1046 per
2046 985 2257 1064 ‘quem
2315 966 2457 1027 erat
2499 964 2640 1048 ipse

296 1051 756 1151 navigaturus,
820 1051 1039 1135 copias
1104 1049 1395 1115 duceret.
1462 1071 1572 1115 eos
1639 1053 1853 1114 autem
1868 1101 1886 1134 ,
1954 1050 2064 1136 qui
2129 1051 2430 1116 comitari
2493 1073 2640 1117 eum

296 1139 621 1222 solebant,
666 1137 921 1224 inponit
966 1139 1034 1204 16
1080 1158 1279 1204 naves
1328 1142 1393 1203 et
1438 1139 1507 1202 in
1548 1138 1710 1203 fines
1747 1137 2096 1204 Mallorum
2135 1140 2413 1206 secundo
2451 1163 2640 1205 amne

294 1227 651 1293 devehitur.

468 1315 628 1380 Inde
676 1313 992 1380 Sabarcas
1040 1315 1219 1400 adiit,
1263 1315 1550 1381 validam
1598 1313 1822 1381 Indiae
1868 1320 2148 1402 gentem,
2195 1338 2358 1402 quae
2395 1319 2637 1404 populi,
2675 1331 2710 1379 4

290 1427 423 1470 606
485 1425 714 1491 regum
768 1403 1047 1488 imperio
1102 1404 1467 1490 regebatur.
1567 1421 1663 1468 Lx
1710 1405 1893 1469 milia
1946 1405 2237 1490 peditum
2289 1406 2639 1494 habebant,

292 1493 584 1578 equitum
622 1515 734 1558 sex
770 1493 977 1558 milia:
1021 1493 1143 1558 has
1182 1493 1403 1578 copias
1441 1514 1664 1558 currus
1701 1511 1750 1558 D
1791 1495 2246 1598 sequebantur.
2322 1513 2410 1559 111
2447 1458 2708 1562 duces5

292 1585 619 1684 spectatos
684 1583 925 1646 virtute
988 1581 1225 1646 bellica
1290 1581 1639 1667 elegerant.

1747 1581 1838 1647 At
1897 1584 2014 1667 qui
2077 1584 2146 1648 in
2211 1584 2387 1667 agris
2454 1588 2640 1650 erant

290 1670 573 1754 proximi
638 1669 892 1734 flumini
946 1707 1031 1717 —
1087 1670 1459 1756 frequentes
1524 1674 1742 1735 autem
1799 1671 1978 1736 vicos
2035 1673 2314 1737 maxime
2371 1675 2440 1736 in
2494 1673 2639 1758 ripa

291 1757 625 1823 habebant
682 1795 761 1804 —-
820 1761 895 1823 ut
951 1758 1168 1824 videre
1224 1762 1435 1826 totum
1493 1781 1778 1844 amnem,
1840 1782 1967 1844 qua
2019 1761 2306 1846 prospici
2360 1765 2638 1845 poterat,

290 1846 573 1930 navigiis
610 1851 1016 1912 constratum
1054 1851 1119 1914 et
1152 1849 1257 1913 tot
1292 1848 1576 1914 militum
1617 1870 1798 1913 arma
1833 1848 2169 1936 fulgentia,
2214 1850 2431 1914 territi
2467 1873 2638 1916 nova

289 1935 475 2020 facie,
520 1935 786 2000 (1601·11111
834 1937 1185 2003 exercitum
1232 1940 1299 2001 et
1344 1937 1546 2002 alium
1591 1936 1898 2003 Liberum
1943 1937 2222 2024 Patrem,
2268 1939 2519 2004 celebre
2566 1940 2636 2003 in

287 2024 423 2090 illis
498 2024 800 2108 gentibus
873 2047 1138 2109 nomen,
1211 2025 1560 2092 adventare
1633 2025 2000 2092 credebant.

289 2113 562 2198 clamor,
616 2112 768 2178 hinc
823 2135 1147 2179 remorum
1194 2115 1423 2197 pulsus
1468 2114 1814 2199 variaeque
1861 2119 2208 2181 nautarum
2255 2139 2446 2183 voces
2492 2116 2634 2181 hor-

284 2202 572 2266 tantium
619 2201 884 2299 pavidas
932 2224 1119 2268 aures
1166 2202 1593 2288 inpleverant.
1682 2201 1864 2288 Ergo
1907 2205 2194 2270 universi
2232 2206 2312 2270 ad
2349 2227 2477 2286 eos,
2523 2205 2634 2291 qui
2675 2219 2704 2268 7

284 2291 355 2354 111
401 2290 601 2356 armis
650 2282 853 2374 erant,
900 2293 1184 2376 currunt,
1228 2292 1441 2356 furere
1488 2292 1925 2358 clamitantes.
1982 2315 2126 2360 cum
2172 2294 2270 2359 dis
2315 2295 2634 2380 proelium

283 2380 584 2463 inituros,
628 2381 892 2467 navigia
928 2403 1060 2446 non
1096 2402 1289 2465 posse
1316 2382 1672 2467 numerari,
1720 2404 1884 2467 quae
1920 2383 2196 2450 invictos
2233 2384 2408 2450 viros
2445 2385 2634 2449 vehe-

282 2473 447 2533 rent.

552 2468 963 2554 Tantumque
1018 2470 1087 2533 in
1142 2471 1491 2536 exercitum
1549 2492 1812 2536 suorum
1866 2472 2146 2539 intulere
2201 2474 2498 2559 terroris,
2561 2475 2636 2538 ut

286 2556 545 2643 legatos
591 2558 928 2623 mitterent
973 2561 1233 2643 gentem
1280 2559 1630 2627 dedituros.

690 2782 816 2837 CAP.
854 2780 1004 2837 VIII.

360 2895 407 2946 1.
444 2894 639 2945 eraut
674 2890 945 2959 equites,
1012 2888 1405 2946 Vermuthlieh

286 2977 477 3016 waren
513 2958 635 3015 dies
675 2960 767 3015 die
802 2961 947 3015 nach
974 2959 1176 3016 Arrian
1212 2962 1402 3031 (6.14.

286 3034 341 3100 3)
376 3048 492 3087 von
536 3031 852 3087 Alexander
900 3030 1011 3087 den
1050 3030 1257 3087 Indern
1304 3034 1404 3089 ab

286 3102 643 3172 geforderten
671 3101 911 3159 Geiseln.
960 3104 1160 3157 Arrian
1188 3120 1213 3157 s
1214 3103 1405 3173 prieht

282 3189 396 3229 von
426 3178 563 3229 1000
582 3172 829 3242 Geiseh,
858 3172 1147 3237 vielleieht
1168 3122 1253 3229 ist
1265 3174 1407 3230 000

276 3244 547 3315 ,ν61ᾱ6166
572 3260 673 3301 aus
702 3215 829 3299 0Ιο
838 3270 905 3291 ==
927 3250 1081 3302 1000.
1112 3276 1180 3287 -
1206 3248 1400 3301 dace-

281 3316 441 3371 bant
474 3314 566 3371 fiir
599 3316 859 3371 vehebant
892 3316 971 3371 ist
1000 3316 1258 3385 poetisch
1284 3318 1403 3372 und

279 3386 617 3454 nacholasm
655 3386 833 3457 desgl.
869 3335 1197 3459 quampdiuyi
1228 3390 1403 3457 (equi)

280 3456 369 3510 fur
404 3458 721 3528 quadrigae.
760 3489 827 3498 —
873 3459 1048 3525 ferri
1092 3460 1401 3527 candidi,

283 3527 567 3583 entweder
627 3529 902 3585 weisses
965 3528 1224 3616 Kupfer
1285 3502 1402 3597 (acsi

283 3599 614 3667 candidum,
692 3596 897 3669 χαλκὸς
970 3596 1191 3669 λευκός)
1266 3601 1403 3657 oder

284 3666 449 3723 Zinn
482 3620 785 3737 (plumbum
821 3671 1161 3739 candidum).

353 3744 403 3794 2.
460 3742 730 3796 animal.
802 3740 989 3797 Ueber
1034 3742 1145 3797 den
1192 3742 1400 3798 collek-

281 3809 437 3865 tiven
492 3810 754 3881 Singular
809 3811 1401 3879 6111111546.-

280 3882 483 3937 dorsa
519 3881 646 3936 sind
682 3882 997 3953 Schalen‚
1026 3885 1342 3953 putamina.

350 3958 401 4009 3.
447 3968 572 4022 per
617 3970 829 4023 quem,
872 3954 1020 4010 hier.
1081 3956 1233 4011 ‘dem
1278 3958 1398 4011 ent-

277 4024 437 4094 1663,
474 4025 725 4080 welchen
756 3994 968 4081 hi’nab?
1033 4025 1163 4097 Vgl.
1192 4026 1397 4083 0661111.

280 4100 327 4149 3.
370 4101 434 4150 11
481 4098 581 4165 qui
612 4112 764 4152 nanc
798 4098 847 4152 it
871 4113 995 4165 per
1030 4098 1134 4153 iter
1168 4098 1398 4153 tenebri-

280 4180 459 4221 coewm
512 4166 627 4222 und
674 4167 837 4222 Diod.
892 4174 973 4223 17.
1022 4174 1091 4223 97
1146 4165 1242 4223 διὰ
1296 4168 1401 4223 τοῦ

280 4238 537 4325 ποταμοῦ
591 4234 692 4293 τὸν
745 4238 924 4294 πλοῦν
979 4243 1275 4294 ποιεῖσθαι
1328 4262 1397 4285 ==

280 4302 425 4361 κατὰ
450 4304 553 4362 τὸν
576 4305 847 4381 ποταμόν.
885 4310 1045 4365 Nach
1067 4316 1116 4367 6.
1130 4317 1161 4365 2
1182 4309 1402 4365 scheint

1511 2750 1692 2806 dieser
1728 2750 1890 2805 Fluss
1937 2753 2037 2807 der
2071 2753 2336 2807 Acesines
2375 2769 2634 2823 gewesen

1510 2840 1580 2875 611
1607 2820 1744 2877 66111.
1773 2852 1844 2861 -
1873 2822 2265 2879 Mallorum.
2332 2823 2632 2880 Vermuth-

1509 2892 1626 2947 lich
1663 2893 1862 2948 suchte
1891 2892 1948 2947 Ο.
1977 2894 2080 2948 (166
2107 2893 2310 2949 Gebiet
2346 2895 2445 2949 der
2470 2894 2632 2949 Malli

1510 2964 1658 3019 nahe
1705 2962 1805 3017 der
1847 2964 2246 3035 Einmfindung
2296 2963 2395 3019 des
2441 2964 2632 3020 Acesi-

1508 3050 1609 3089 nes
1654 3034 1715 3092 in
1751 3034 1860 3091 den
1894 3034 2088 3103 Indus,
2135 3035 2208 3091 da
2252 3052 2312 3091 er
2353 3036 2434 3090 sie
2471 3042 2630 3091 4.15

1509 3122 1617 3159 nur
1663 3104 1900 3177 flfiohtig
1943 3108 2198 3162 erwahnt
2243 3108 2356 3162 und
2391 3106 2484 3161 die
2519 3122 2631 3163 von

1507 3180 1781 3231 415-8,
1815 3183 1844 3231 1
1883 3178 2166 3233 6166111666
2196 3176 2514 3248 Ereignisse
2549 3178 2631 3233 im

1508 3246 1712 3302 Gebiet
1758 3248 1859 3303 der
1895 3248 2173 3304 Sudracae
2221 3250 2438 3319 spielen
2472 3249 2628 3305 16666.

1506 3317 1669 3373 Naeh
1696 3319 1898 3373 Arrian
1923 3336 2054 3376 (1.6.
2086 3320 2221 3375 aber
2246 3322 2512 3376 wohnten
2537 3320 2632 3375 die

1506 3388 1803 3445 Letzteren
1847 3390 2118 3447 sudlich
2151 3408 2266 3447 von
2303 3393 2415 3447 den
2449 3390 2628 3447 Malli.

1577 3466 1630 3513 4.
1672 3458 2016 3517 Sabarcas
2053 3488 2122 3509 ===
2157 3466 2248 3517 Σα
2249 3458 2501 3536 μβαστάς
2535 3462 2630 3517 bei

1507 3530 1734 3587 Diodor.
1792 3532 1951 3587 Nach
1978 3534 2180 3590 Arrian
2205 3536 2442 3589 wartete
2468 3533 2628 3590 Alex.

1508 3617 1610 3657 vor
1663 3601 1790 3657 dem
1845 3603 2142 3661 Einlaufen
2191 3604 2253 3659 in
2303 3605 2413 3659 den
2458 3604 2628 3658 Indus

1506 3671 1596 3727 bis
1622 3690 1720 3727 6111·
1736 3674 2039 3729 Riickkehr
2055 3674 2154 3731 des
2173 3675 2503 3743 Perdikkas,
2529 3676 2630 3729 der

1506 3742 1886 3801 mittlerweile
1923 3745 2016 3801 die
2039 3741 2378 3817 Ἅβαστανοί,
2415 3746 2521 3800 wie
2557 3746 2625 3799 D.

1508 3813 1590 3869 616
1625 3817 1824 3885 neunt,
1861 3817 2233 3873 unterworfen
2270 3818 2446 3872 hatte.
2520 3816 2625 3871 Die

1506 3858 1824 3969 folgenden
1845 3888 2130 3943 Zahlenan
2132 3888 2316 3957 gaben
2365 3888 2628 3943 stimmen

1506 3972 1691 4027 genau
1735 3956 1842 4012 mit
1885 3958 2064 4013 denen
2101 3958 2339 4014 Diodors
2377 3958 2624 4015 uberein.

1580 4032 1631 4082 5.
1677 4028 1898 4085 aliam.
1965 4029 2093 4099 VgL
2137 4037 2216 4085 10.
2256 4035 2307 4085 5.
2345 4035 2414 4083 22
2451 4031 2628 4086 alium

1504 4097 1888 4155 Maeandrum
1922 4119 2054 4156 (1.6.
2093 4099 2236 4156 Einl.
2275 4106 2306 4166 ξ
2348 4106 2490 4155 156.

1577 4176 1628 4226 6.
1682 4170 2112 4227 hortantium.
2187 4170 2410 4227 Ebenso
2447 4178 2625 4227 4.13.

1507 4245 1577 4294 38
1605 4240 1844 4298 absolut.
1907 4242 2036 4313 Vgl.
2063 4230 2329 4313 ubrigens
2358 4249 2408 4299 4.
2442 4250 2524 4301 12.
2553 4248 2626 4298 20

1509 4312 1762 4379 fremitum
1797 4330 1958 4369 awres
1991 4316 2311 4383 inpleverat.

2093 4401 2200 4457 13*

1953 4576 1990 4593 Ο

2108 2027 2277 2093 Hinc
2351 2028 2634 2093 militum
2674 2043 2706 2091 6
