3069 4749
415 194 541 259 118
1328 196 1391 257 Q.
1430 194 1652 245 GURTI
1685 194 1860 245 RUFI

409 356 573 420 illud
612 355 895 440 spatium
934 358 1462 439 exaggeraretur:
1500 357 1878 419 exaestuare
1915 373 2172 436 semper
2207 352 2469 437 fretum,
2508 376 2764 439 quoque

411 444 619 509 artius
648 444 980 509 volutetur
1013 444 1185 507 inter
1223 442 1507 507 insulam
1545 446 1610 507 et
1637 442 2096 524 continentem,
2132 441 2262 507 hoc
2288 441 2499 507 acrius
2529 442 2765 508 furere.

306 552 373 601 ιτ
412 533 505 598 At
548 533 661 598 ille
705 532 1204 633 haudquaquam
1250 531 1430 600 rudis
1475 531 1918 615 pertractandi
1966 530 2282 595 militares
2329 530 2582 596 animos
2622 553 2764 617 spe-

412 621 578 687 ciem
622 621 748 685 sibi
793 620 1095 685 Herculis
1142 619 1212 683 in
1258 642 1488 684 somno
1539 620 1831 685 oblatam
1867 640 2009 683 esse
2047 618 2431 702 pronuntiat
2471 619 2765 685 dextram

410 709 837 839 porrigentis·
882 709 999 773 illo
1040 710 1219 793 duce,
1256 694 1370 774 illo
1408 710 1738 791 aperiente
1775 710 1845 772 in
1881 708 2107 773 urbem
2142 707 2387 772 intrare
2429 730 2496 771 se
2533 709 2766 774 visum.

494 802 594 864 ter
637 799 798 865 haec
844 797 1299 865 caduceatores
1345 797 1742 882 interfectos,
1789 797 2079 898 gentium
2124 796 2268 861 iura
2312 796 2558 861 violata
2602 796 2764 861 refe-

448 888 626 953 ebat:
690 909 888 951 unam
948 908 1089 952 esse
1149 887 1403 969 urbem,
1464 908 1631 972 quae
1686 907 1941 953 cursum
1990 884 2257 950 victoris
2313 886 2557 949 morari
2603 907 2766 950 ausa
2791 952 2804 961 ,

308 995 375 1045 18
414 980 601 1041 esset.
693 976 983 1041 Ducibus
1032 975 1262 1040 deinde
1300 975 1641 1060 negotium
1686 976 1898 1060 datur,
1941 978 2016 1038 ut
2063 994 2214 1039 suos
2254 974 2523 1057 quisque
2569 974 2763 1039 casti-

413 1069 551 1151 get,
608 1065 898 1149 satisque
945 1064 1249 1129 omnibus
1298 1064 1655 1129 stimulatis
1713 1085 1880 1147 opus
1930 1078 2116 1129 orsus
2164 1064 2283 1127 est.
2373 1061 2619 1146 Magna
2664 1063 2763 1128 vis

414 1174 720 1219 saxorum
767 1153 850 1217 ad
897 1174 1163 1218 manum
1208 1157 1353 1218 erat
1395 1151 1572 1237 Tyro
1620 1156 1838 1217 vetere
1892 1151 2269 1235 praebente:
2331 1153 2637 1217 materies
2683 1173 2765 1216 ex

309 1262 375 1313 19
412 1241 665 1307 Libano
712 1245 932 1307 monte
976 1243 1226 1307 ratibus
1274 1247 1341 1306 et
1383 1242 1676 1307 turribus
1719 1240 2035 1306 faciendis
2073 1239 2532 1305 advehebatur.
2588 1239 2762 1307 Iam-

412 1353 536 1415 que
584 1354 623 1395 a
659 1330 858 1397 fundo
897 1332 1096 1396 maris
1133 1332 1203 1395 in
1240 1329 1660 1395 altitudinem
1699 1330 2018 1396 modicam
2056 1350 2220 1413 opus
2259 1334 2568 1413 creverat,
2603 1350 2762 1394 non-

305 1440 375 1491 20
412 1421 566 1484 dum
611 1423 831 1485 tamen
878 1441 1085 1504 aquae
1130 1419 1471 1505 fastigium
1509 1416 1864 1503 aequabat:
1915 1441 2062 1484 cum
2100 1417 2284 1501 Tyrii
2321 1418 2540 1501 parvis
2580 1417 2758 1483 navi-

414 1509 541 1595 giis
589 1509 869 1574 admotis
915 1530 1034 1592 per
1076 1508 1427 1573 ludibrium
1472 1508 1979 1592 exprobrabant,
2032 1506 2182 1571 illos
2239 1507 2436 1572 armis
2497 1507 2762 1571 inclitos

413 1599 607 1662 dorso
657 1597 827 1662 sicut
870 1597 1162 1663 iumenta
1208 1618 1408 1663 onera
1452 1600 1736 1682 gestare:
1783 1596 2286 1680 interrogabant
2334 1595 2558 1678 etiam,
2603 1617 2763 1660 num

413 1688 621 1751 maior
663 1684 973 1769 Reptuno
1018 1685 1387 1751 Alexander
1432 1686 1649 1751 esset?
1730 1685 1911 1750 Haec
1953 1686 2100 1769 ipsa
2153 1684 2494 1749 insectatio
2533 1684 2762 1751 alacri-

306 1796 374 1844 21
412 1778 619 1843 tatem
663 1775 949 1841 militum
996 1775 1306 1841 accendit.
1368 1774 1643 1859 Iamque
1679 1775 1947 1859 paulum
1984 1774 2190 1839 moles
2230 1795 2396 1857 aqua
2434 1772 2761 1840 eminebat
2786 1773 2869 1839 11

224 1886 229 1890 ·
414 1867 483 1929 et
527 1865 723 1929 simul
771 1865 1029 1950 aggeris
1076 1864 1357 1932 latitudo
1396 1866 1730 1931 crescebat
1762 1864 2039 1948 urbique
2077 1862 2568 1929 admovebatur:
2617 1883 2764 1927 cum

412 1952 597 2037 Tyrii
642 1953 1095 2037 magnitudine
1143 1954 1354 2038 moli8,
1400 1954 1582 2019 cuius
1628 1954 2096 2018 incrementum
2135 1974 2245 2016 eos
2285 1953 2480 2016 antea
2516 1949 2764 2015 fefelle-

412 2046 545 2125 rat,
593 2046 938 2126 conspecta
984 2043 1233 2108 levibus
1280 2042 1563 2125 navigiis
1611 2042 1900 2106 nondum
1947 2040 2361 2105 commissum
2421 2061 2584 2123 opus
2646 2039 2764 2103 cir-

414 2132 657 2196 cumire
696 2135 1064 2216 coeperunt,
1092 2131 1447 2195 missilibus
1488 2151 1744 2214 quoque
1783 2152 1912 2211 eoa,
1949 2129 2062 2211 qui
2099 2150 2217 2211 pro
2255 2149 2450 2211 opere
2481 2129 2764 2207 stabant,

306 2239 376 2289 22
412 2220 750 2285 incessere.
832 2218 1059 2283 Multis
1107 2238 1261 2302 ergo
1309 2219 1552 2302 inpune
1597 2217 1975 2297 vulneratis,
2022 2237 2168 2279 cum
2207 2220 2274 2279 et
2317 2237 2650 2282 removere
2697 2219 2764 2281 et

416 2307 735 2391 adpellere
773 2306 1048 2391 scaphas
1077 2306 1145 2369 in
1176 2304 1474 2389 expedito
1504 2308 1694 2389 esset,
1732 2306 1811 2368 ad
1849 2325 2069 2368 curam
2101 2306 2304 2367 semet
2330 2303 2509 2387 ipsos
2538 2304 2765 2368 tuendi

416 2395 497 2460 ab
538 2417 730 2480 opere
770 2397 1245 2459 converterant:
1296 2397 1361 2457 et
1405 2414 1533 2476 quo
1573 2394 1830 2478 longius
1869 2393 2076 2457 moles
2117 2392 2436 2476 agebatur
2475 2415 2514 2458 a
2549 2393 2762 2478 litore,

412 2483 538 2548 hoc
585 2483 813 2567 magis,
860 2481 1172 2568 quidquid
1217 2481 1664 2574 ingerebatur,
1714 2481 2074 2565 praealtum
2123 2480 2520 2548 absorbebat
2566 2504 2764 2548 mare.

1712 2732 1794 2781 19.
1835 2743 2046 2796 aquae
2080 2727 2468 2796 fastigium,
2497 2751 2566 2774 ===
2607 2724 2764 2780 ‘Ni-

1636 2798 1858 2867 veau’,
1880 2797 2048 2854 wie8.
2066 2804 2150 2853 10.
2165 2804 2232 2854 81
2255 2805 2437 2855 terrae
2453 2797 2760 2866 fastigium.

1709 2874 1796 2924 20.
1835 2871 2171 2939 accendit,
2207 2870 2314 2925 wie
2351 2874 2382 2934 ἓ
2421 2873 2504 2923 10.

1709 2947 1794 2995 21.
1825 2942 2302 2997 admovebatur
2328 2939 2514 3007 urbi,
2540 2939 2764 2994 ‘ruck-

416 2726 529 2782 Cic.
566 2745 622 2796 p.
660 2726 801 2782 Mur.
833 2733 926 2794 7ος
968 2733 1059 2795 ’13;
1101 2731 1185 2784 78.
1224 2757 1293 2768 --
1330 2742 1526 2796 exaq-

412 2803 765 2868 yeraretur
818 2824 887 2844 ==
950 2815 1143 2868 ayyerc
1206 2799 1528 2867 expleretur,

414 2868 523 2925 wie
554 2875 601 2924 6.
633 2875 681 2925 5.
712 2875 783 2925 20
804 2877 900 2926 'eoe
930 2869 1528 2940 planitiem=fiber-

415 2941 748 3008 dammen·
793 2940 889 2996 bei
935 2942 1044 2996 den
1078 2940 1407 2996 Klassikern
1450 2941 1529 2995 ist

416 3011 515 3066 das
554 3012 717 3066 Wort
758 3030 865 3066 nur
912 3012 971 3066 in
1008 3013 1317 3080 metaphor.
1358 3010 1531 3066 Sinna
1636 3013 1704 3066 te
1752 3028 1870 3066 vor
1917 3029 2136 3081 gegen
2183 3013 2294 3065 die
2343 2982 2607 3076 Stad't’,
2654 3009 2762 3065 wie

414 3083 625 3138 ublich.
683 3114 749 3123 —
804 3085 1178 3150 volutetur,
1242 3079 1353 3138 von
1417 3099 1529 3136 wo·
1638 3086 1688 3136 5.
1731 3087 1776 3136 1.
1817 3087 1901 3136 26.
1978 3081 2141 3136 Sinn.
2187 3083 2301 3136 Der
2336 3079 2540 3133 Damm
2576 3080 2762 3146 (moles

418 3155 639 3222 genden
679 3153 1007 3210 Gewassern
1046 3179 1115 3200 =
1151 3153 1424 3221 volvatur,
1459 3153 1537 3208 ist
1643 3177 1714 3198 ==
1750 3168 1938 3232 aqqer,
1933 3143 2088 3221 vgl.
2129 3157 2178 3204 3.
2215 3152 2272 3218 8)
2309 3166 2429 3204 war
2465 3165 2538 3203 an
2575 3149 2754 3215 Hohe,

358 3263 365 3269 .
415 3225 693 3292 poetisch.
1640 3221 1828 3278 Breite
1883 3241 1937 3276 u.
1989 3222 2182 3289 L'ange
2237 3217 2601 3290 gewachsen,
2665 3218 2768 3272 auf

493 3300 575 3350 17.
638 3297 977 3351 militares
1032 3296 1313 3364 animos,
1380 3295 1533 3350 ‘Sol-

1641 3293 1782 3348 alles
1847 3293 1969 3348 dies
2026 3293 2171 3361 geht
2231 3290 2616 3359 magnitudine
2677 3289 2762 3344 'un

1640 3361 1984 3432 Folgenden.
2031 3393 2099 3402 --
2146 3361 2563 3416 commissum
2605 3359 2762 3417 kann

1642 3435 1888 3492 heissen.
1932 3435 2110 3488 ‘zum
2154 3430 2588 3498 Abschlul's’,
2625 3431 2764 3485 aber

1581 3507 1584 3510 ’
1643 3507 1847 3561 auch‘
1853 3523 1996 3560 zum
2031 3501 2426 3559 Anschluss’
2461 3503 2512 3571 (ξ
2544 3471 2634 3572 16)
2662 3518 2764 3585 ge-

1642 3577 1862 3634 bracht.
1893 3608 1967 3618 —
2005 3575 2378 3632 circumire.
2417 3575 2580 3628 iren.
2610 3573 2764 3630 seine

1647 3646 1975 3718 Composita
2020 3647 2196 3701 sehon
2239 3644 2334 3700 bei
2377 3643 2512 3701 Sall.
2545 3663 2604 3701 ιι.
2641 3643 2764 3700 Liv.

1643 3719 1805 3774 nicht
1859 3719 2042 3774 selten
2093 3733 2206 3772 von
2263 3715 2537 3784 Schiffen,
2587 3716 2766 3772 Fuhr-

1643 3791 1872 3844 werken
1915 3789 2031 3844 und
2077 3805 2189 3844 von
2235 3787 2481 3842 Reitern.
2532 3818 2599 3830 -
2635 3801 2766 3856 pro

1645 3876 1863 3930 opere,
1899 3877 1976 3916 an
2012 3859 2113 3914 der
2140 3859 2330 3928 Spitze
2359 3858 2456 3913 des
2483 3857 2778 3924 Dammae,

417 3365 853 3432 datenherzen’·
899 3368 1103 3420 ebenso
1153 3370 1336 3420 5.10..
1376 3371 1425 3422 9.
1463 3393 1533 3409 -·

416 3452 481 3491 se
515 3438 755 3504 visum,
782 3438 953 3492 naml.
982 3438 1106 3504 eibi,
1136 3436 1297 3490 nicht
1320 3436 1536 3491 seltene

416 3507 651 3578 Ellipse,
687 3509 801 3578 731.
842 3509 992 3562 δοκῶ
1034 3533 1101 3556 ==
1140 3508 1290 3564 δοκῶ
1330 3526 1441 3575 μοι.
1464 3537 1532 3546 -

417 3579 599 3634 inter
660 3581 843 3646 haec,
915 3579 994 3633 im
1057 3576 1296 3634 Verlauf
1355 3577 1540 3632 seiner

416 3649 609 3704 Rede?
682 3650 816 3704 Man
852 3652 1117 3704 erwartet
1154 3655 1371 3718 praeter
1404 3649 1538 3704 haec

421 3721 493 3802 (8.
536 3726 619 3778 12.
660 3724 732 3790 6).
781 3751 849 3761 —-
893 3722 1261 3788 referebat,
1298 3746 1367 3766 ===
1402 3719 1543 3774 rief

418 3790 525 3845 ins
562 3791 982 3849 Gedachtnis
1020 3792 1293 3856 zuriick,
1340 3791 1447 3846 wie
1484 3796 1536 3846 3.

423 3867 510 3917 10.
549 3870 609 3930 9,
656 3863 714 3917 ιιι
751 3861 941 3934 Bezug
977 3863 1078 3920 auf
1110 3863 1213 3918 das
1248 3862 1391 3931 Folg
1395 3861 1536 3916 ende

418 3905 673 3993 insofern
716 3935 987 4004 passend,
1042 3934 1126 3990 als
1180 3933 1293 4015 das·
1329 3933 1536 3986 andere

419 4003 732 4060 Verhalten
768 4006 1006 4060 anderer
1043 4004 1241 4060 Stadte
1278 4004 1337 4058 in
1373 4003 1533 4058 Erin-

418 4076 1190 4203 mzzessesszazhsffla
1236 4145 1437 4208 P...

505 4223 554 4274 4.
612 4165 1005 4273 —yratibus
1051 4259 1063 4270 .
1104 4259 1117 4272 .
1174 4161 1536 4284 faciendyfg

476 4287 575 4342 ber
611 4289 721 4343 den
755 4289 929 4344 Dativ
966 4309 1007 4344 s
1047 4287 1131 4344 Ε.·
1147 4292 1241 4355 80,
1278 4287 1418 4342 iiber
1445 4286 1538 4344 die

422 4357 841 4430 Wortstellung
876 4361 1071 4415 ebend.
1116 4363 1235 4414 159.

1645 3949 1707 3986 so
1758 3930 1880 3986 dass
1933 3931 2014 3986 sie
2069 3930 2180 3984 den
2225 3929 2632 3999 Dammkorper
2683 3928 2766 3982 im

1646 4001 1882 4056 Rficken
1905 4003 2131 4067 hattem
2168 4001 2283 4071 vgl.
2313 4006 2423 4070 pro
2459 4016 2618 4069 opere
2643 4004 2766 4054 erat

1643 4076 1830 4141 statio,
1867 4074 1986 4129 Liv.
2018 4078 2103 4128 25.
2138 4077 2220 4127 11.
2250 4077 2300 4124 4.
2317 4071 2766 4137 -imcessere,

1644 4145 1746 4199 inf.
1785 4146 1914 4200 abh.
1953 4161 2064 4199 von
2100 4147 2408 4212 coeperunt.

1717 4221 1804 4270 22.
1851 4217 1925 4270 in
1959 4231 2096 4284 exp.
2137 4217 2317 4268 esset.
2355 4210 2763 4280 Vgl.3.1.21.

1644 4285 1752 4342 Die
1764 4286 1960 4341 Worte
1975 4291 2025 4340 et
2037 4301 2168 4355 quo.
2181 4299 2358 4340 ‚mare
2373 4281 2603 4337 wurden
2618 4280 2767 4336 nach

1645 4357 1916 4427 aequabat
1935 4361 1990 4425 (ξ
2012 4359 2099 4425 19)
2119 4354 2280 4409 mehr
2299 4370 2392 4408 am
2410 4352 2604 4409 Platze
2625 4351 2764 4409 sein.
