3069 4749
904 176 1405 229 HISTORIARUM
1440 176 1862 230 ALEXANDRI
1897 174 1964 245 v,
2006 183 2054 233 1.

2513 177 2642 244 175

290 337 541 422 proelio
570 336 844 401 celebris
882 340 949 401 et
984 340 1230 402 ceteros
1260 336 1341 401 ad
1370 336 1765 403 deditionem
1795 341 1895 403 sui
1921 338 2305 405 incitaturus
2343 342 2638 426 exemplo

290 426 655 492 videbatur.
742 425 953 510 Igitur
1006 425 1181 491 hunc
1235 425 1494 510 quidem
1551 426 1833 512 benigne
1890 448 2037 493 cum
2095 428 2315 494 liberis
2381 430 2639 514 excipit,

292 519 577 581 ceterum
622 514 936 600 quadrato
984 515 1274 599 agmine,
1333 514 1504 598 quod
1549 516 1692 599 ipse
1738 515 2038 599 ducebat,
2092 519 2271 583 velut
2315 518 2385 583 in
2431 519 2639 585 aciem
2679 530 2745 580 19

288 605 490 688 irent,
547 603 806 688 ingredi
852 624 1004 668 suos
1048 602 1243 669 iubet.
1335 601 1582 689 Magna
1633 625 1786 689 pars
1831 603 2345 689 Babyloniorum
2401 608 2639 673 consti-

290 695 464 758 terat
507 692 577 757 in
621 691 823 757 muris
862 691 1053 756 avida
1088 691 1518 777 cognoscendi
1555 713 1798 757 novum
1841 714 2081 779 regem,
2124 695 2341 777 plures
2380 696 2637 761 obviam

293 782 539 867 egressi
575 784 745 845 sunt.
816 779 996 845 Inter
1041 801 1203 864 quos
1241 779 1691 865 Bagophanes,
1737 782 1904 847 arcis
1953 788 2020 846 et
2065 784 2283 867 regiae
2327 785 2636 867 pecuniae
2672 796 2744 847 20

294 874 541 953 custos,
605 890 688 933 ne
746 868 959 934 studio
1020 890 1059 933 a
1114 868 1379 934 Mazaeo
1446 870 1838 954 vinceretur,
1902 873 2119 935 totum
2184 871 2310 936 iter
2369 872 2637 938 floribus

292 958 676 1043 coronisque
723 961 1169 1023 constraverat
1216 958 1542 1044 argenteis
1591 958 1908 1024 altaribus
1945 962 2223 1043 utroque
2261 961 2464 1025 latere
2509 962 2636 1027 dis-

294 1047 547 1131 positis,
593 1067 759 1130 quae
803 1067 936 1110 non
978 1049 1127 1110 ture
1182 1046 1408 1129 mode,
1466 1047 1580 1111 sed
1635 1048 1939 1112 omnibus
1997 1047 2300 1115 odoribus
2355 1050 2639 1115 cumula-

291 1139 492 1200 verat.
580 1133 773 1199 Dona
826 1156 973 1199 eum
1028 1135 1464 1219 sequebantur
1524 1156 1758 1221 greges
1829 1157 2136 1221 pecorum
2181 1159 2639 1224 equorumque,
2674 1150 2744 1199 21

291 1224 512 1289 leones
559 1245 811 1308 quoque
858 1227 925 1288 et
966 1224 1269 1308 pardales
1316 1224 1529 1289 caveis
1577 1224 2124 1308 praeferebantur.
2186 1225 2368 1311 Magi
2405 1227 2636 1293 deinde
2673 1238 2743 1287 22

294 1333 415 1378 8110
460 1332 638 1378 111018
684 1333 945 1378 carmen
987 1315 1322 1397 canentes,
1376 1316 1529 1397 post
1572 1313 1696 1378 hos
1745 1311 2052 1379 Chaldaei
2097 1313 2638 1398 Babyloniorum-

293 1422 419 1485 que
462 1421 595 1465 non
639 1404 821 1467 vates
866 1402 1089 1485 modo,
1144 1401 1256 1467 sed
1316 1402 1512 1466 etiam
1561 1402 1842 1467 artifices
1889 1424 2036 1468 cum
2091 1402 2326 1469 fidibus
2383 1405 2484 1469 sui
2529 1425 2637 1490 ge-

290 1490 461 1555 neris
507 1490 720 1573 ibant,
774 1488 995 1555 laudes
1050 1490 1122 1555 hi
1174 1509 1406 1574 regum
1462 1511 1692 1556 canere
1739 1491 1953 1575 soliti,
2000 1488 2311 1557 Chaldaei
2356 1493 2640 1559 siderum

291 1582 506 1644 motus
574 1583 641 1645 et
704 1582 911 1645 statas
975 1578 1145 1644 vices
1210 1581 1578 1663 temporum
1645 1580 2000 1645 ostendere.
2090 1579 2362 1665 Equites
2409 1581 2640 1647 deinde
2676 1593 2746 1642 23

293 1666 639 1752 Babylonii
687 1689 802 1732 suo
849 1688 1286 1751 equorumque
1324 1668 1505 1732 cultu
1553 1667 1633 1732 ad
1678 1668 2003 1734 luxuriam
2055 1669 2267 1754 magis
2315 1691 2510 1754 quam
2557 1671 2640 1737 ad

291 1755 840 1842 magnificentiam
886 1759 1114 1822 exacto
1162 1755 1380 1821 ultimi
1422 1756 1626 1823 ibant.
1689 1756 1830 1823 Rex
1877 1758 2150 1823 armatis
2197 1759 2480 1844 stipatus
2527 1781 2640 1844 op·

290 1844 681 1929 pidanorum
724 1844 984 1910 turbam
1029 1850 1181 1929 post
1234 1844 1501 1911 ultimos
1556 1845 1808 1930 pedites
1863 1846 1962 1911 ire
2019 1848 2240 1931 iussit,
2295 1848 2437 1931 ipse
2493 1870 2642 1914 cum

291 1955 479 1998 curru
525 1933 755 1998 urbem
804 1956 879 1999 ac
924 1933 1155 1998 deinde
1198 1934 1450 2018 regiam
1495 1935 1781 2000 intravit.
1862 1934 2135 2001 Postero
2183 1936 2285 2000 die
2331 1938 2640 2020 supellec-

216 2023 264 2087 4
288 2023 473 2087 tilem
516 2021 717 2087 Darei
763 2026 829 2087 et
874 2044 1130 2087 omnem
1190 2024 1532 2107 pecuniam
1587 2024 1988 2108 recognovit.
2077 2022 2380 2089 Ceterum
2430 2025 2636 2109 ipsius
2675 2035 2748 2085 24

291 2110 470 2176 urbis
518 2110 931 2195 pulchritudo
980 2133 1056 2176 ac
1100 2115 1392 2177 vetustas
1438 2133 1576 2177 non
1619 2113 1790 2197 regis
1837 2112 2051 2195 mod0,
2102 2112 2214 2177 sed
2262 2114 2458 2177 etiam
2505 2136 2638 2179 om-

290 2198 473 2265 nium
534 2200 756 2265 oculos
819 2201 893 2265 in
956 2204 1162 2265 semet
1224 2200 1401 2265 haud
1461 2200 1764 2266 inmerito
1827 2200 2166 2267 convertit.
2259 2199 2638 2268 Samiramis

364 2432 447 2483 18.
523 2428 818 2484 celebria.
893 2429 999 2484 Die
1041 2428 1411 2499 Verbindung

288 2499 445 2565 fama
463 2499 685 2554 celebris
703 2500 805 2554 hat
824 2499 996 2555 sehon
1018 2499 1227 2570 Livius,
1245 2516 1410 2555 wenn

291 2570 436 2624 auch
471 2568 631 2624 nicht
666 2570 750 2624 als
787 2587 915 2640 gen.
953 2571 1102 2640 qual.

366 2646 448 2694 19.
487 2642 787 2712 inqredi,
824 2641 963 2709 hier,
992 2640 1098 2697 wie
1126 2643 1226 2712 oft,
1262 2643 1407 2697 ein-

290 2711 662 2781 hergehen,
727 2712 1210 2768 marschieren.
1292 2711 1407 2768 Das

290 2782 751 2851 vorhergehende
777 2785 842 2839 in
877 2785 1049 2840 aciem
1082 2785 1164 2840 isra
1199 2783 1278 2840 ist
1301 2803 1406 2840 un-

290 2852 648 2922 gewohnlich
692 2854 784 2908 fi‘ir
831 2856 903 2910 in
940 2871 1021 2911 ac.
1060 2857 1209 2912 exire
1245 2858 1318 2924 (9.
1356 2860 1407 2910 4.

292 2925 399 2992 25),
429 2925 675 2993 prodire,
713 2927 909 2996 egredi.

364 3000 451 3049 20.
524 2996 702 3051 inter
752 3013 943 3066 quos,
992 3013 1035 3050 8.
1081 2996 1146 3050 Ε.
1197 3002 1281 3052 48.
1342 3026 1408 3036 -—

293 3071 572 3134 utroque
594 3067 805 3123 latere
822 3085 864 3122 8.
878 3065 1407 3134 ebend.E.93,Anm.

364 3141 450 3192 21.
487 3139 838 3206 ρανᾱαῑίε,
874 3135 973 3194 ἅπ.
1015 3136 1115 3207 elo.
1152 3137 1244 3192 fur
1270 3154 1409 3207 par-

292 3208 413 3276 dus,
447 3209 735 3279 panthera,
772 3208 836 3265 E.
861 3215 907 3265 1.
930 3239 997 3250 —-
1026 3224 1279 3291 quoque
1314 3208 1409 3263 be·

290 3278 444 3332 zieht
506 3278 626 3334 sich
680 3298 787 3334 11111
840 3280 943 3335 auf
992 3280 1083 3335 (118
1134 3277 1408 3348 Subjekte

291 3348 388 3404 des
435 3347 671 3421 vorigen
718 3350 936 3420 Satzes,
982 3350 1059 3405 da
1103 3351 1183 3405 im
1228 3367 1411 3405 neuen

294 3418 455 3474 Satze
512 3421 603 3475 ein
657 3424 890 3478 anderes
943 3423 1058 3476 und
1112 3438 1263 3476 zwar
1318 3421 1411 3476 ein

290 3489 647 3560 spezielleres
681 3493 955 3547 Praffikat
994 3493 1162 3548 steht.
1234 3477 1411 3546 Uber-

292 3562 467 3617 setze:
526 3564 672 3618 auch
716 3563 921 3619 Lowen
973 3565 1089 3619 und
1143 3563 1419 3632 Panther,
1438 3612 1453 3628 ,

290 3633 506 3688 welche
543 3635 649 3690 etc.

362 3709 446 3759 22.
488 3719 751 3760 carmen
788 3710 1101 3761 canentes
1137 3722 1179 3762 8.
1212 3709 1260 3760 3.
1284 3710 1332 3759 3.
1359 3710 1409 3761 9.

290 3773 409 3828 Auf
459 3774 549 3829 die
614 3777 1011 3846 ursprt‘inglich
1066 3775 1411 3843 medischen‚

292 3846 484 3914 spater
518 3845 847 3913 persischen
881 3846 1039 3916 Magi
1072 3846 1293 3918 folgten
1318 3845 1410 3901 die

291 3913 738 3984 babylonischen
782 3916 1028 3972 Priester
1074 3916 1411 3988 (Chaldaei),

291 3985 524 4042 letztere
554 3988 820 4042 berfihmt
845 3987 929 4043 als
955 3990 1310 4058 Astrologen.
1340 4017 1411 4028 —

290 4073 422 4112 non
478 4063 665 4113 vates
718 4059 901 4114 modo
954 4061 1059 4114 etc.
1132 4059 1241 4114 Am
1296 4057 1410 4114 ein·

290 4127 549 4182 fachsten
595 4128 673 4183 ist
718 4128 809 4184 die
854 4128 1174 4200 Erklarung
1228 4128 1411 4184 dieser

292 4197 486 4267 Stelle,
506 4215 673 4254 wenn
689 4217 823 4254 man
848 4205 997 4256 vates
1023 4200 1123 4255 auf
1144 4201 1408 4269 11811138

293 4265 553 4337 Sanger
591 4270 786 4325 deutet
819 4271 935 4326 und
960 4288 1071 4326 von
1107 4272 1217 4326 den
1245 4271 1408 4326 Chal-

293 4336 424 4393 daei
471 4341 907 4396 unterscheidet.
980 4339 1138 4398 Doch
1184 4341 1260 4398 ist
1306 4341 1407 4394 das

1516 2428 1781 2499 Richtige
1802 2429 2132 2485 schwerlich
2151 2430 2334 2486 damit
2345 2431 2635 2501 getroffen.

1518 2531 1585 2541 —
1649 2502 1761 2556 sui
1821 2502 2090 2569 yeneris
2155 2501 2208 2557 d.
2263 2501 2301 2556 i.
2367 2518 2480 2557 von
2542 2503 2641 2557 der

1514 2571 1980 2626 landestiblichen
2011 2574 2130 2627 Art.
2179 2570 2310 2641 Vgl.
2345 2575 2438 2628 sui
2472 2575 2641 2629 moris

1520 2648 1568 2697 7.
1611 2648 1693 2697 10.
1734 2648 1793 2707 6;
1832 2648 1882 2697 9.
1911 2648 1963 2696 4.
1993 2648 2081 2699 24.
2127 2644 2242 2698 Das
2275 2643 2544 2712 folgende
2577 2644 2641 2700 hi

1514 2713 1656 2783 geht
1689 2712 1792 2768 auf
1823 2714 2039 2782 Sanger
2085 2713 2202 2766 und
2239 2713 2639 2784 Saitenspieler

1513 2783 1787 2853 zugleich.
1853 2813 1920 2822 —
1986 2788 2206 2838 statas
2277 2789 2638 2854 temporum

1516 2855 1710 2910 vices,
1783 2852 2087 2909 Dieselbeu
2123 2855 2322 2909 Worte
2368 2857 2544 2909 unten
2586 2860 2637 2910 8.

1518 2931 1569 2980 9.
1623 2931 1705 2979 13.
1751 2954 1824 2965 -
1868 2925 2240 2992 ostendere,
2288 2924 2634 2992 8111181811,

1517 2997 1784 3050 deuten.
1825 2993 1899 3049 So
1926 2995 2218 3050 mehrfach
2247 2995 2340 3049 bei
2360 2993 2437 3061 0„
2467 2995 2637 3051 sowie

1516 3065 1662 3121 auch
1698 3065 2058 3133 anderwartS,
2094 3083 2207 3122 von
2231 3065 2634 3136 Wahrsagern.

1588 3142 1676 3191 23.
1750 3137 1835 3192 ad
1881 3137 2231 3192 luxuriam
2278 3177 2333 3191 ..
2381 3142 2635 3194 exacto.

1515 3207 1760 3277 Eoeiqere
1814 3208 2032 3277 aliquid
2088 3208 2164 3262 ad
2227 3208 2308 3264 ali
2341 3225 2472 3264 uam
2525 3225 2640 3266 rem

1516 3277 1715 3334 heisstz
1754 3279 1930 3333 etwas
1957 3277 2104 3332 nach
2132 3277 2287 3334 einer
2355 3279 2495 3334 ache
2522 3280 2637 3335 be-

1516 3365 1808 3417 111888811,
1845 3349 1962 3404 bez.
1991 3350 2138 3405 auch
2168 3351 2312 3405 nach
2345 3350 2639 3407 derselben

1518 3420 1627 3489 (als
1679 3419 1982 3489 Massstab,
2038 3421 2157 3479 bez.
2205 3420 2464 3491 Vorbild)
2524 3422 2639 3477 ein-

1516 3491 1754 3547 richten.
1827 3477 2132 3546 Ubersetze
2168 3492 2316 3548 hier:
2356 3493 2515 3548 bere
2528 3494 2638 3548 ch·

1519 3565 1638 3617 net
1672 3561 1792 3616 auf
1821 3566 1927 3617 etc.
1970 3562 2098 3632 vgl.
2140 3564 2403 3634 iibrigens
2441 3568 2492 3620 8.
2524 3569 2572 3619 5.
2605 3569 2638 3618 3

1517 3634 1668 3702 reyio
1703 3633 1780 3690 ad
1816 3633 2104 3688 luxuriam
2137 3637 2314 3704 maqis
2359 3651 2524 3704 quam
2561 3635 2637 3690 ad

1519 3703 1988 3774 maqnifieentiam
2050 3707 2282 3762 exculta.
2358 3735 2426 3746 —
2499 3721 2640 3760 cum

1520 3790 1730 3829 curru
1782 3773 1822 3826 f.
1878 3790 2048 3830 curru
2103 3792 2146 3829 8.
2194 3775 2258 3831 Ε.
2302 3781 2389 3830 43.
2463 3761 2639 3829 Uber-

1520 3847 1695 3900 setze:
1738 3844 1951 3900 ‘hoch
1987 3863 2062 3900 zu
2096 3846 2404 3916 Wagen’.

1591 3921 1678 3970 24.
1709 3916 1909 3973 etiam
1944 3918 2263 3984 omnium,
2299 3916 2469 3970 auch
2497 3914 2638 3969 aller

1519 3986 1831 4057 fibrigen.
1913 3986 1981 4040 In
2036 3987 2219 4042 dieser
2272 3986 2638 4055 Verbindung

1516 4057 1702 4112 bleibt
1744 4059 1909 4114 etiam
1951 4073 2094 4127 38111
2135 4072 2283 4126 weg,
2329 4057 2441 4126 vgl.
2489 4057 2636 4111 oben

1518 4133 1550 4195 ξ
1570 4135 1664 4194 2ος
1705 4133 1861 4196 3.,15,
1893 4130 2030 4184 aber
2047 4125 2396 4196 keineswega
2415 4125 2634 4196 immet,

1517 4218 1562 4254 8.
1602 4200 1710 4255 Cic.
1750 4217 1806 4269 p.
1847 4199 1984 4254 81111.
2022 4204 2116 4264 69ς
2163 4196 2283 4254 Liv.
2331 4203 2417 4254 31.
2454 4202 2542 4252 22.
2583 4203 2632 4254 ’1.

1518 4300 1585 4310 -
1615 4270 2014 4326 Samiramis
2041 4268 2128 4324 od.
2151 4266 2490 4338 Semiramis,
2506 4268 2632 4324 eine

1519 4341 1837 4412 mythische
1874 4338 2339 4398 Personlichkeit.
2389 4337 2480 4395 818
2509 4340 2634 4411 galt
