3069 4749
831 200 1331 253 HISTORIARUM
1366 199 1789 252 ALEXANDRI
1823 201 1918 265 IV,
1956 205 2006 255 2.
2046 206 2097 255 3.

2531 200 2660 263 119

310 361 528 447 Igitur
572 382 687 425 rex
734 358 1173 424 munientibus
1220 360 1399 426 coria
1443 360 1713 444 velaque
1759 361 1956 424 iussit
2003 361 2294 444 obtendi,
2351 364 2422 425 ut
2478 364 2662 427 extra
2697 384 2768 433 23

310 449 431 515 teli
483 449 728 515 iactum
774 450 1031 531 essent,
1085 448 1373 533 duasque
1424 452 1643 514 turres
1700 470 1778 513 ex
1833 450 2044 533 capite
2099 450 2289 514 molis
2337 450 2567 528 erexit,
2625 473 2658 515 e

313 539 551 624 quibus
596 538 665 603 in
712 538 1065 602 subeuntes
1114 538 1391 621 scaphas
1437 538 1572 601 tela
1605 537 1818 623 ingeri
1851 540 2141 622 possent.
2170 536 2444 603 ‘Contra
2477 538 2659 623 Tyrii
2697 560 2769 611 24

311 626 581 710 navigia
626 626 857 709 procul·
899 648 939 689 a
975 629 1336 708 conspectu
1381 626 1674 690 hostium
1719 626 1904 691 litori
1947 626 2284 710 adpellunt
2319 628 2658 710 expositis·-

315 737 441 799 que
484 714 806 779 militibus
854 735 985 797 eos,
1032 714 1145 798 qui
1190 735 1347 779 saxa
1392 716 1762 799 gestabant,
1807 716 2218 780 obtruncant.
2286 716 2366 780 In
2401 714 2656 781 Libano

314 825 573 888 quoque
618 802 912 867 Arabum
972 806 1263 888 agrestes
1320 804 1768 887 inconpositos
1821 802 2216 868 Macedonas
2270 804 2484 870 adorti
2535 828 2662 868 xxx

316 893 449 957 fere
495 892 897 957 interficiunt
941 891 1355 975 paucioribus
1402 892 1628 976 captis.
2747 852 2830 949 β’

1330 1083 1489 1150 cn».
1532 1084 1650 1150 ΠΙ.

491 1227 594 1291 Ea
628 1250 731 1292 res
750 1226 1213 1297 ,Alexandrum
1261 1226 1546 1293 dividere
1591 1228 1811 1311 copias
1859 1227 2076 1310 coegit
2121 1230 2204 1311 et,
2250 1248 2331 1291 ne
2379 1228 2664 1313 segniter
2701 1248 2730 1297 1

316 1316 611 1383 adsidere
656 1315 771 1381 uni
816 1314 962 1379 urbi
1000 1314 1343 1397 videretur,
1389 1316 1574 1399 operi
1609 1315 1967 1381 Perdiccan
2003 1312 2442 1401 Crateronque
2478 1338 2662 1399 prae-

314 1405 508 1470 fecit-t
555 1405 698 1488 ipse
743 1426 889 1470 cum
938 1403 1235 1487 expedita
1278 1426 1479 1469 manu
1524 1403 1841 1469 Arabiam
1886 1404 2093 1487 petiit.

206 1494 297 1563 12
495 1493 673 1559 Inter
718 1492 880 1559 haec
919 1492 1100 1576 Tyrii
1138 1513 1373 1557 navem
1409 1493 1862 1578 magnitudine
1899 1493 2136 1557 eximia
2182 1493 2356 1557 saxis
2391 1494 2662 1559 harena·
2701 1514 2733 1563 2

320 1604 445 1667 que
482 1604 522 1649 a
555 1583 758 1667 puppi
797 1586 1154 1663 oneratam,
1190 1581 1288 1645 ita
1323 1584 1397 1645 ut
1416 1583 1716 1651 ,multum
1749 1594 1946 1667 prora
1983 1582 2313 1666 emineret,
2347 1581 2666 1657 bitumine

320 1692 399 1736 ac
444 1670 759 1756 sulphure
798 1670 1060 1735 inlitam
1106 1671 1302 1733 remis
1348 1671 1837 1735 concitaverunt
1881 1674 1964 1752 et,
2009 1692 2155 1735 cum
2191 1691 2496 1751 magnam
2532 1671 2666 1735 vim

318 1760 498 1825 venti
540 1760 688 1824 vela
732 1780 985 1843 quoque
1032 1758 1507 1842 concepissent,
1563 1759 1852 1824 celeriter
1907 1758 1988 1823 ad
2043 1759 2284 1823 mol-em
2329 1759 2668 1841 successit3

316 1851 461 1913 tum
503 1870 699 1931 prora
744 1848 883 1913 eius
930 1868 1205 1913 accensa
1248 1848 1529 1933 remiges
1568 1847 1886 1913 desiluere
1923 1847 1996 1911 in
2032 1847 2326 1931 scaphas,
2365 1868 2534 1936 ¹quae
2581 1846 2666 1911 ad
2701 1868 2734 1917 3

317 1936 445 2001 hoc
489 1938 704 2021 ipsum
749 1938 1177 2020 praeparatae
1224 1936 1681 2019 sequebantur.

1769 1935 1978 2001 Navis
2037 1939 2253 1999 autem
2307 1936 2460 2019 igne
2514 1956 2666 1999 con-

318 2029 509 2110 cepto
542 2025 742 2090 latius
786 2024 1052 2091 fundere
1099 2024 1467 2089 incendium
1512 2024 1744 2108 coepit,
1791 2024 1982 2107 quod,
2029 2023 2408 2107 priusquam
2445 2026 2668 2107 posset

319 2114 591 2198 occurri,
634 2118 846 2177 turres
892 2118 959 2177 et
1004 2116 1220 2177 cetera
1264 2134 1463 2196 opera
1515 2114 1587 2177 in
1641 2113 1854 2196 capite
1899 2112 2090 2177 molis
2137 2112 2352 2195 posita
2398 2133 2664 2195 conpre-

316 2202 562 2267 hendit.
651 2202 747 2266 At
790 2202 900 2285 qui
948 2200 1343 2267 desiluerant
1395 2202 1467 2267 in
1512 2224 1716 2285 parva
1760 2201 2025 2286 navigia
2035 2250 2070 2285 ,.
2107 2200 2282 2267 faces
2329 2203 2422 2285 et,
2457 2200 2665 2283 quid·
2702 2222 2760 2272 4.

318 2289 472 2374 quid
521 2290 751 2355 alendo
796 2290 939 2373 igni
985 2294 1210 2376 aptum
1257 2293 1416 2368 erat,
1463 2291 1536 2355 in
1580 2290 1805 2355 eadem
1853 2312 2050 2376 opera
2093 2291 2414 2376 ingerunt.
2494 2287 2667 2369 Iam-

322 2401 444 2463 que
510 2401 643 2444 non
707 2379 900 2444 modo
964 2381 1129 2444 imae
1179 2378 1611 2446 Macedonum
1665 2383 1910 2461 turres,
1975 2380 2090 2444 sed
2151 2379 2348 2444 etiam
2415 2401 2669 2446 summa

318 2468 616 2534 tabulata
670 2471 1097 2552 conceperant
1149 2468 1392 2553 ignem,
1457 2491 1604 2533 cum
1663 2470 1742 2552 ii,
1806 2469 1920 2552 qui
1977 2469 2048 2534 in
2111 2468 2405 2533 turribus
2464 2471 2669 2551 erant,

318 2557 561 2658 partim
589 2553 1003 2622 haurirentur
1028 2556 1347 2638 incendiO,
1373 2559 1616 2642 partim
1640 2557 1839 2622 armis
1869 2557 2128 2622 omissis
2155 2558 2226 2621 in
2254 2578 2433 2621 mare
2461 2559 2668 2625 semet

317 2645 449 2729 1psi
502 2645 927 2710 inmitterent.
1018 2645 1112 2709 At
1166 2644 1379 2728 Tyrii,
1432 2647 1546 2730 qui
1609 2668 1837 2730 capere
1892 2667 2004 2710 eos
2067 2667 2261 2731 quam
2308 2645 2666 2709 interficere
2703 2664 2736 2714 6

320 2733 609 2816 mallent,
644 2733 1013 2808 natantium
1051 2755 1281 2798 manus
1322 2734 1656 2818 stipitibus
1702 2734 2004 2818 saxisque
2041 2734 2428 2815 lacerabant,
2463 2733 2667 2798 donec

320 2821 645 2886 debilitati
688 2822 932 2906 inpune
975 2822 1257 2908 navigiis
1306 2823 1519 2907 excipi
1563 2829 1852 2907 possent.
1924 2820 2062 2887 Nec
2095 2821 2403 2910 ‘incendio
2453 2822 2664 2885 solum
2703 2841 2736 2891 6

390 3019 477 3068 23.
544 3018 737 3068 extra
780 3015 904 3070 teli
947 3015 1217 3069 iactum.
1290 3013 1346 3068 S.
1384 3020 1435 3069 3.

322 3088 406 3138 10.
447 3089 496 3138 1.
545 3083 621 3136 Es
656 3085 733 3138 ist
767 3083 893 3138 hier
928 3084 1109 3140 soviel
1146 3085 1255 3140 alst
1295 3084 1438 3155 ‘ge-

318 3154 525 3208 deckt
579 3171 760 3224 gegen
812 3154 1173 3224 Geschosse',
1230 3156 1439 3211 ebenso

318 3223 429 3279 wie
466 3230 515 3279 5.
538 3231 660 3280 3.·1.
698 3256 770 3266 -
806 3228 1029 3295 capite
1062 3228 1257 3282 molis
1284 3226 1437 3282 kann

318 3293 563 3350 heisten:
606 3295 730 3351 ‘die
769 3296 1061 3365 Spitze.',
1100 3299 1238 3353 aber
1275 3297 1437 3367 auch,

317 3365 427 3420 wie
464 3373 514 3420 3.
546 3373 605 3432 33
642 3372 695 3420 4.
718 3373 769 3436 3,
798 3367 891 3422 die
930 3368 1202 3438 ‘Krone,
1231 3368 1437 3423 Ober-

317 3435 582 3522 flffche’
644 3438 742 3492 des
786 3439 1049 3520 Dammps
1104 3440 1197 3506 (ι-
1243 3437 1436 3495 ἐπάνω

317 3508 1148 3660 τοζέῗάμῗῖιῗαξῗιαῗῗέἓῗέε
1184 3596 1228 3633 s.
1254 3578 1329 3661 ·Ε.
1346 3583 1435 3660 8ῤ.

319 3679 389 3690 -
420 3651 889 3718 paucioribus.
929 3650 1234 3704 Vielleicht
1250 3652 1326 3703 ist
1346 3665 1439 3703 em

316 3719 473 3774 hami
500 3735 601 3775 vor
623 3735 788 3790 pauc.
815 3723 1185 3791 anagefallen‚
1214 3721 1290 3774 da
1308 3719 1437 3774 dem

318 3790 479 3845 Alex.
534 3791 635 3844 der
678 3791 907 3846 Verlust
965 3809 1025 3846 so
1073 3790 1309 3860 wichtig
1352 3806 1435 3844 er-

320 3860 531 3916 schien.
582 3848 732 3916 Uber
752 3863 859 3917 das
888 3863 1222 3918 aoristische
1258 3863 1439 3931 captis

320 3955 391 3978 ι-
430 3930 644 3987 ‘indem
681 3933 965 4003 gefan'gen
996 3934 1251 3988 wurden'
1293 3951 1335 3988 s.
1370 3933 1435 3988 E.

321 4007 444 4058 124.
525 4003 689 4058 Nach
742 4003 944 4058 Arrian
996 4004 1115 4058 und
1170 4004 1437 4059 Plutarch

280 4079 285 4086 ’
320 4071 459 4128 ἰωὰ
494 4074 592 4129 der
628 4063 886 4129 Uberfall
911 4073 1185 4130 vielmehr
1218 4077 1299 4128 im
1324 4077 1438 4129 An-

325 4141 602 4199 tilibanon
639 4147 799 4200 ntatt.

613 4323 637 4331 ,
750 4267 886 4324 ΚΔ».
915 4267 1011 4324 111.
1094 4251 1101 4257 ’

398 4362 446 4410 1.
482 4357 813 4413 Arabiam
850 4357 903 4413 d.
923 4357 979 4412 h.
1006 4373 1191 4428 gegen
1220 4356 1312 4412 die
1340 4358 1440 4412 Be·

1548 3001 1972 3156 ἓῠίἑιῶιὼοτάθη
2007 3014 2087 3067 im
2115 3011 2483 3067 Antilibanon
2520 3011 2664 3080 (An.

1619 3178 1669 3229 2.
1744 3192 1783 3229 a
1827 3172 2068 3242 puppi.
2141 3171 2296 3226 Wir:
2338 3170 2488 3224 ‘auf
2519 3170 2670 3224 dem

1547 3243 1984 3300 Hinterteil’.
2055 3241 2185 3313 vgl.
2243 3260 2280 3297 a
2340 3243 2472 3311 iuyo
2517 3247 2566 3296 3.
2615 3247 2666 3296 9.

1548 3320 1600 3383 6,
1637 3313 1813 3384 desgl.
1852 3333 1890 3370 a
1926 3316 2110 3382 latere,
2147 3331 2184 3368 a
2221 3315 2467 3378 laeva-u.
2507 3317 2556 3366 ἓ..
2597 3341 2666 3353 -·-

1546 3388 2089 3454 concitaverunt,
2133 3383 2240 3439 wie
2287 3381 2406 3438 Liv.
2454 3389 2540 3441 86.
2578 3389 2665 3438 44.

1489 3520 1496 3525 ,
1545 3462 1581 3510 4
1627 3459 1866 3516 concitat
1909 3473 2094 3512 naves.
2168 3457 2422 3511 Imitare
2473 3471 2668 3509 navem

1545 3529 1708 3582 remis
1733 3525 1838 3582 hat
1865 3526 2021 3583 Caes.
2050 3527 2403 3608 wieder-holt.
2425 3556 2491 3609 3-
2510 3527 2668 3579 vela

1544 3615 2087 3739 {sexages
2115 3597 2525 3725 &saw

1617 3763 1668 3812 3.
1707 3758 1924 3812 latius
1958 3757 2268 3826 fundere,
2301 3756 2520 3820 ‘weiter
2547 3772 2666 3811 ver-

1546 3828 1818 3894 breiten'3
1858 3826 2067 3883 ebenso
2106 3832 2155 3884 5.
2197 3834 2246 3882 ’7.
2287 3831 2338 3885 5.

1618 3922 1671 3973 4.
1737 3933 1878 3972 cum
1913 3917 1988 3971 ii,
2055 3916 2396 3970 cantitat&
2436 3913 2666 3979 eiridem,

1546 3987 1774 4057 wobei',
1803 3985 1979 4041 daher
2007 3988 2107 4042 der
2135 3983 2482 4055 Konjunktiv
2509 3984 2669 4038 nicht

1548 4057 1868 4114 auffallend.
1944 4059 2129 4112 Schon
2164 4057 2284 4112 Liv.
2323 4057 2474 4124 sagtz
2523 4055 2665 4109 mul-

1547 4135 1633 4184 tas
1667 4132 1890 4199 [lamma
1925 4131 2127 4184 hausit.

1621 4223 1674 4271 5.
1737 4218 2116 4282 debilitati,
2165 4211 2667 4282 ‘kampfunfahig’,

1549 4289 1658 4343 wie
1690 4293 1851 4345 16.11
1884 4288 2096 4343 debiles.
2117 4316 2185 4327 --
2213 4287 2494 4353 inpune,
2523 4285 2668 4340 ohne

1552 4357 1765 4414 Gefahr
1801 4358 1892 4412 fiir
1929 4359 2040 4412 den
2077 4357 2322 4420 anderen
2357 4355 2496 4412 Teil.
