3069 4749
345 143 520 248 '90

359 501 390 550 1

353 679 388 728 2

1336 186 1400 248 Q.
1439 184 1659 237 GURTI
1694 185 1869 237 RUFI

1407 361 1567 428 CAP.
1609 362 1789 428 VIII.

606 487 874 572 Iamque
923 485 1157 552 Graeci
1203 487 1464 571 milites,
1511 509 1674 572 quos
1714 487 2086 572 Thymodes
2123 511 2164 554 a
2197 487 2619 556 Pharnabazo
2668 514 2767 557 ac·
2794 495 2874 559 19

429 579 703 662 ceperat,
748 577 1098 660 praecipua
1145 597 1290 661 spes
1339 579 1403 640 et
1437 576 1904 660 propemodum
1940 577 2149 661 unica,
2188 577 2271 642 ad
2306 578 2595 645 Dareum
2630 602 2769 664 per-

430 669 765 731 venerant.

836 663 925 728 Hi
969 686 1364 751 magnopere
1411 664 1789 748 suadebant,
1835 669 1910 754 ut
1952 670 2127 732 retro
2167 667 2378 733 abiret
2424 668 2773 753 spatiosos—

429 777 552 841 que
589 753 1102 837 Mesopotamiae
1140 775 1403 838 campos
1440 715 1792 837 repeteret:
1842 749 1899 818 si
1934 754 2002 819 id
2039 756 2381 822 consilium
2417 758 2772 843 damnaret,

423 847 498 908 at
541 843 652 907 ille
711 842 1022 907 divideret
1080 843 1314 908 saltem
1343 843 1597 932 copias
1655 843 2158 909 innumerabiles
2213 867 2341 910 neu
2395 846 2515 910 sub
2572 868 2769 912 unum

359 947 394 994 3
432 931 728 996 fortunae
773 932 974 996 ictum
1020 935 1193 996 totas
1239 925 1412 997 vires
1457 931 1644 1016 regni
1688 931 1913 997 cadere
1959 935 2310 1016 pateretur.
2382 933 2600 1000 Minus
2645 934 2772 1002 hoc

329 1073 341 1088 .
431 1021 575 1102 regi
611 1043 806 1105 quam
842 1021 1220 1105 purpuratis
1258 1020 1395 1085 eius
1435 1018 1844 1104 displicebat·
1884 1023 2233 1105 ancipitem
2269 1023 2461 1088 fidem
2500 1026 2566 1088 et
2613 1046 2773 1089 mer-

434 1109 588 1174 cede
616 1108 908 1174 venalem
946 1109 1350 1195 proditioni
1331 1109 1668 1173 imminere
1706 1113 1772 1173 et
1810 1110 2009 1175 dividi
2044 1132 2179 1176 non
2217 1111 2299 1176 ob
2338 1112 2514 1177 aliud
2552 1113 2769 1198 copias

431 1197 624 1282 velle,
678 1220 873 1282 quam
927 1202 1000 1262 ut
1054 1199 1182 1282 ipsi
1234 1198 1304 1261 in
1359 1196 1613 1262 diversa
1668 1197 1971 1284 digressi,
2026 1199 2083 1263 si
2136 1200 2292 1284 quid
2353 1203 2770 1266 commissum

433 1289 624 1370 esset,
659 1286 992 1352 traderent
1028 1286 1427 1351 Alexandro:
1463 1285 1633 1350 nihil
1670 1287 1874 1352 tutius
1910 1286 2068 1372 fore,
2105 1310 2299 1373 quam
2337 1290 2768 1354 circumdatos

434 1397 544 1442 eos
591 1376 876 1440 exercitu
909 1378 1050 1440 toto
1090 1376 1278 1440 obrui
1312 1375 1480 1460 telis,
1519 1375 1974 1440 documentum
2010 1397 2145 1441 non
2178 1377 2426 1441 inultae
2461 1378 2768 1461 perfidiae

362 1477 399 1526 4
435 1464 705 1530 futuros.
797 1461 888 1528 At
932 1463 1200 1547 Dareus,
1246 1467 1320 1528 ut
1364 1467 1503 1529 erat
1550 1467 1808 1530 sanctus
1857 1487 1933 1530 ac
1968 1465 2169 1549 mitis,
2205 1485 2273 1529 se
2309 1487 2483 1552 vero·
2508 1469 2767 1530 tantum

432 1553 685 1618 facinus
731 1556 930 1640 negat
975 1575 1116 1618 esse
1161 1552 1504 1637 facturum,
1550 1556 1625 1616 ut
1668 1574 1852 1618 suam
1900 1556 2152 1618 secutos
2198 1553 2409 1638 fidem,
2456 1575 2605 1619 suos
2652 1555 2768 1618 mi-

359 1655 396 1703 5
434 1642 581 1707 lites
627 1642 849 1707 iubeat
893 1642 1218 1708 trucidari.
1291 1641 1495 1719 Quem
1540 1641 1770 1707 deinde
1815 1642 2091 1744 amplius
2136 1643 2477 1708 nationum
2524 1645 2767 1707 extera-

428 1753 574 1797 rum
621 1732 894 1796 salutem
956 1753 1140 1796 suam
1195 1731 1587 1796 crediturum
1645 1731 1796 1816 sibi,
1850 1731 1906 1796 si
1956 1734 2059 1796 tot
2112 1731 2394 1797 militum
2450 1731 2767 1817 sanguine

355 1834 392 1883 6
429 1819 750 1886 inbuisset
794 1820 1067 1886 manus?
1154 1819 1497 1886 Neminem
1556 1820 1867 1886 stolidum
1922 1821 2270 1887 consilium
2326 1821 2536 1905 eapite
2591 1821 2767 1886 luere

428 1909 684 1975 debere·
736 1909 1067 1975 defuturos
1116 1909 1306 1995 enim,
1352 1910 1462 1993 qui
1509 1909 1871 1994 suaderent,
1909 1909 1965 1975 si
2002 1911 2285 1976 suasisse
2331 1909 2765 1995 periculosum

428 2003 618 2064 esset.
691 1997 983 2085 Denique
1029 2000 1207 2083 ipsos
1246 1997 1478 2063 cotidie
1517 2019 1559 2062 a
1598 2020 1665 2062 se
1705 1999 2060 2063 advocari
2041 2021 2112 2064 111
2150 1999 2494 2064 consilium
2530 2004 2768 2063 varias-

429 2109 551 2171 que
599 2089 953 2152 sententias
1000 2087 1226 2168 dicere,
1262 2107 1382 2150 nec
1417 2092 1640 2150 tamen
1676 2086 1963 2151 melioris
1999 2087 2149 2150 fidei
2186 2087 2435 2168 haberi,
2470 2087 2581 2171 qui
2617 2108 2767 2169 pru-

360 2191 391 2239 7
431 2175 686 2240 dentius
735 2175 1027 2240 suaserit.
1098 2173 1328 2257 Itaque
1366 2173 1628 2237 Graecis
1666 2174 1969 2238 nuntiare
2012 2174 2213 2258 iubet,
2251 2175 2467 2257 ipsum
2505 2174 2768 2257 quidem

426 2263 903 2326 benivolentiae
948 2261 1208 2325 illorum
1255 2259 1498 2344 gratias
1547 2280 1756 2345 agere,
1803 2265 2114 2345 ceterum,
2160 2262 2217 2325 si
2261 2263 2437 2324 retro
2483 2261 2577 2325 ire
2622 2284 2765 2346 per-

424 2352 559 2435 gat,
586 2350 760 2415 haud
789 2349 977 2414 dubie
1013 2368 1286 2434 regnum
1322 2348 1622 2414 hostibus
1658 2348 2069 2413 traditurum.
2142 2347 2348 2415 Fama
2376 2348 2553 2415 bella
2592 2355 2765 2417 stare

424 2443 490 2503 et
535 2460 711 2521 eum,
767 2438 878 2522 qui
930 2438 1217 2521 recedat,
1275 2436 1499 2521 fugere
1559 2436 1749 2502 credi.

1840 2437 2168 2503 Trahendi
2227 2460 2384 2504 ¹vero
2444 2438 2599 2505 belli
2658 2442 2767 2505 vix

351 2546 387 2595 8
423 2527 630 2591 ullam
668 2548 808 2591 esse
843 2526 1179 2591 rationem.
1251 2524 1500 2590 Tantae
1539 2527 1711 2591 enim
1748 2526 2168 2611 multitudini,
2196 2527 2418 2611 utique
2456 2550 2601 2593 cum
2630 2530 2765 2594 iam

423 2615 630 2681 hiems
674 2616 972 2699 instaret,
1016 2615 1086 2679 in
1128 2615 1395 2700 regione
1441 2618 1628 2680 vasta
1665 2619 1731 2680 et
1767 2615 2045 2681 invicem
2084 2638 2123 2680 a
2160 2616 2296 2681 suis
2335 2620 2526 2699 atque
2571 2617 2763 2683 hoste

355 2723 391 2772 9
428 2708 662 2771 vexata
689 2726 823 2770 non
851 2704 1198 2769 suffectura
1235 2703 1562 2769 alimenta.
1634 2702 1737 2771 Ne
1774 2704 1975 2770 dividi
2014 2703 2272 2789 quidem
2310 2705 2531 2790 copias
2569 2728 2763 2791 posse

424 2798 683 2860 servato
721 2816 899 2860 more
940 2793 1278 2875 maiorum,
1314 2794 1424 2878 qui
1460 2793 1797 2860 universas
1834 2794 2003 2860 vires
2042 2794 2397 2860 discrimini
2434 2795 2763 2861 bellorum

823 3039 957 3095 ΚΑΡ.
996 3038 1145 3096 VIII.

495 3151 541 3202 1.
571 3145 954 3215 Acceperat.
993 3146 1100 3199 Zur
1121 3144 1298 3201 Sache
1327 3161 1370 3198 s.
1392 3146 1539 3200 oben

421 3223 471 3272 3
492 3223 561 3344 21..
614 3288 723 3343 Hi.
797 3288 959 3343 Nach
1009 3286 1212 3341 Ari-ian
1268 3287 1380 3356 gab
1437 3285 1538 3341 der

419 3344 750 3414 Uberlaufer
797 3360 1072 3428 Amyntas
1122 3358 1186 3427 (6.
1223 3361 1400 3413 unten
1451 3363 1536 3411 11.

423 3434 512 3496 18)
548 3429 738 3485 diesen
786 3430 1030 3483 1166-
1075 3432 1144 3482 at
1187 3429 1318 3483 ille.
1385 3427 1539 3483 Ganz

421 3500 658 3555 ebenso
641 3519 719 3554 im
740 3498 1210 3569 hypothetisehen
1224 3500 1276 3554 N
1279 3499 1537 3554 achsatze
1566 3544 1579 3558 .

418 3570 540 3627 Liv.
597 3576 646 3628 3.
703 3577 788 3625 31.
847 3577 894 3627 7.
954 3602 1018 3611 —-
1073 3571 1189 3625 sub
1243 3586 1444 3625 unum
1492 3570 1534 3637 f.

419 3643 638 3697 ictum.
695 3643 817 3697 Von
852 3641 1035 3696 einem
1071 3643 1214 3695 ictus
1249 3642 1538 3696 calamita-

396 3715 492 3769 -tis
529 3714 745 3783 spricht
771 3712 975 3767 bereits
995 3712 1214 3779 Cicero·
1253 3712 1345 3767 die
1364 3712 1534 3766 Wen-

418 3785 644 3855 dungen
670 3800 783 3839 uno
811 3784 928 3840 ictu
947 3783 1076 3853 (mit
1102 3784 1323 3839 einem
1344 3782 1536 3837 Schla-

417 3857 538 3925 ge),
587 3872 699 3911 uno
749 3856 848 3909 sub
893 3857 1009 3910 ictu
1049 3859 1225 3921 stare,
1272 3856 1374 3909 sub
1424 3855 1541 3937 iem

419 3928 660 3981 alicuius
713 3927 956 3996 positum
1019 3942 1126 3981 esse
1187 3926 1403 3980 kehren
1457 3924 1540 3979 im

416 3997 913 4053 nachklassischen
947 3996 1146 4051 Latein
1196 3995 1370 4051 ofters
1407 3996 1539 4050 wie-

417 4067 533 4126 der.
605 4056 756 4123 Uber
790 4069 1028 4124 cadere
1064 4084 1106 4122 s.
1144 4066 1207 4122 E.
1246 4071 1332 4121 52.
1372 4065 1537 4121 Sinn:

419 4137 576 4194 Alex.
623 4140 764 4194 solle
809 4139 971 4193 nicht
1024 4139 1166 4193 alles
1223 4155 1333 4192 von
1385 4137 1539 4193 einer

421 4208 674 4277 einzigen
711 4209 1131 4278 Entscheidnng
1167 4207 1267 4263 des
1305 4207 1537 4263 Schick·

421 4278 532 4331 sals
587 4279 887 4349 abhangen
948 4279 1159 4350 1866611,
1225 4280 1326 4335 auf
1385 4281 1537 4335 eine

421 4344 594 4402 Karte
631 4352 832 4408 setzen.

1716 3009 1767 3058 3.
1803 3004 2147 3059 imminere
2174 3004 2764 3071 c.dat.‚wie4.1.19;

1646 3078 1695 3129 5.
1721 3078 1803 3128 11.
1827 3080 1858 3128 2
1896 3091 1951 3127 u.
1972 3080 2021 3129 ὃ.
2028 3075 2253 3143 ,=auf
2284 3076 2455 3128 etwas
2490 3043 2764 3140 lau'3’ern

1642 3144 1849 3199 ebenso
1888 3146 2063 3198 6611011
2098 3144 2193 3198 bei
2229 3144 2437 3198 Livius.
2487 3144 2591 3198 Die
2626 3144 2761 3211 fides

1644 3215 1719 3270 ist
1742 3214 2160 3284 personifiziert.
2192 3245 2259 3255 —
2287 3231 2419 3269 non
2444 3215 2519 3270 ob
2556 3215 2761 3269 aliud

1644 3304 1687 3341 s.
1727 3287 1793 3340 Ε.
1831 3292 1915 3342 34.

1632 3409 1639 3415 .
1716 3361 1767 3411 5.
1802 3361 2080 3411 sanctus
2116 3372 2192 3411 ac
2224 3356 2413 3409 mitis
2440 3372 2483 3411 6.
2512 3360 2563 3411 2.
2586 3360 2670 3410 17.
2693 3388 2760 3397 —-

1644 3429 1883 3484 deinde
1918 3428 2211 3495 amplius
2252 3427 2305 3481 d.
2342 3412 2383 3483 if
2418 3426 2478 3481 in
2516 3426 2763 3483 Zukunft

1640 3500 1805 3553 noch.
1845 3499 1918 3554 So
1948 3504 1995 3553 5.
2025 3503 2075 3553 8.
2109 3503 2174 3553 16
2212 3499 2484 3567 quidquid
2520 3500 2763 3555 deinde

1642 3572 1759 3638 fors
1794 3571 1993 3625 tulerit.
2070 3568 2124 3625 S.
2163 3569 2223 3625 E.
2266 3575 2349 3624 60.

1715 3649 1765 3696 6.
1812 3642 2134 3696 nuntiare
2178 3639 2268 3693 fur
2310 3642 2571 3697 nuntiari
2614 3658 2657 3696 6.
2697 3640 2760 3694 Ε.

1646 3718 1766 3767 114.
2438 3727 2465 3753 ⁸

1716 3790 1764 3838 7.
1802 3784 2062 3852 quidem
2086 3783 2205 3839 bez.
2208 3762 2348 3838 ’61611
2365 3783 2469 3838 auf
2489 3782 2762 3853 (16113811-

1646 3870 1750 3908 zen
1788 3854 1935 3923 Satz‚
1973 3870 2016 3908 6.
2053 3852 2118 3910 Ε.
2161 3860 2278 3908 162.
2318 3858 2761 3923 -perqat==

1650 3924 1993 3993 ‘fortfahress
2015 3925 2204 3980 indem
2225 3924 2317 3978 die
2337 3925 2534 3978 Perser
2568 3923 2759 3977 bisher

1645 3996 1847 4050 immet
1895 3966 2003 4051 nui·
2045 4013 2145 4052 vor
2187 3996 2345 4050 Alex.
2384 3993 2759 4062 6011161186πί-

1648 4068 1790 4122 611611
1807 4084 2010 4123 waren.
2031 4097 2100 4108 -
2120 4063 2757 4149 regnum,1’ibersetze.

1648 4138 1983 4206 ‘hierdurch‚
1996 4138 2179 4192 damit
2191 4135 2309 4191 sein
2324 4152 2527 4205 ganzes
2538 4133 2756 4190 Reich’.

1645 4240 1713 4251 --
1733 4215 1915 4264 stare
1940 4225 2009 4263 re
2037 4210 2316 4278 aliqua=
2334 4208 2461 4272 niti,
2477 4206 2761 4274 sustineri,

1645 4280 1821 4334 achon
1858 4277 2011 4335 Caes.
2047 4279 2099 4334 b.
2138 4295 2181 4333 c.
2222 4283 2272 4331 3.
2314 4284 2395 4335 14.
2434 4284 2485 4333 3.
2538 4276 2759 4333 Ebenso

1643 4356 1890 4407 constare
1927 4349 2163 4406 aas.
2205 4354 2288 4407 15.
