3069 4749
18 33 24 216 ——-——=
18 5 26 22 -u

418 141 546 206 132
1311 141 1377 207 Q.
1417 141 1641 197 CURTI
1676 141 1850 196 RUFI

417 305 629 389 ipsam
657 309 934 387 noctem,
971 325 1134 389 quae
1163 304 1513 388 decederet,
1551 304 1820 369 insidias
1860 308 2247 389 conparatas
2292 303 2493 370 fuisse
2539 307 2759 370 aucto-

311 406 380 455 24
416 416 520 459 res
567 393 825 458 scelesti
871 393 1122 458 consilii
1160 413 1320 477 8888,
1365 415 1526 478 quos
1564 393 1831 458 minime
1868 395 2155 458 crederet
2190 415 2319 458 rex.
2402 393 2569 458 Tum
2606 394 2760 477 Epi·

415 505 634 548 menes
693 486 923 546 cuncta
979 482 1202 547 ordine
1257 483 1784 566 consciorumque
1845 483 2111 547 nomina
2175 483 2457 566 exponit.
2560 481 2758 548 Calli-

421 571 695 636 sthenen
741 593 874 636 non
910 575 984 635 ut
1018 570 1402 654 participem
1439 571 1745 636 facinoris
1783 571 2189 636 nominatum
2227 593 2367 636 esse
2403 571 2763 656 constabat,

421 660 534 726 sed
573 660 838 726 solitum
875 680 1219 744 puerorum
1258 661 1667 724 sermonibus
1703 660 2216 745 vituperantium
2255 660 2763 725 criminantium-

311 762 380 810 25
421 771 542 834 que
587 771 808 834 regem
854 748 1075 813 faciles
1123 770 1310 813 aures
1345 748 1673 832 praebere.
1756 748 2033 825 Quidam
2070 744 2375 834 adiciunt,
2420 772 2564 815 cum
2600 747 2763 814 Her-

422 838 674 903 molaus
735 838 904 921 apud
969 859 1116 901 eum
1172 859 1426 922 quoque
1483 836 1894 902 verberatum
1950 860 2018 902 88
2074 861 2114 902 a
2165 856 2317 922 rege
2364 842 2759 922 quereretur,

421 927 658 992 dixisse
723 924 1199 1010 Callisthenen,
1261 927 1635 991 meminisse
1698 926 1927 992 debere
1991 947 2103 991 eos
2165 927 2299 993 iam
2361 928 2535 992 viros
2592 947 2760 991 esse:

419 1015 613 1100 idque
651 1015 732 1080 ad
779 1014 1237 1080 consolandam
1281 1015 1669 1117 patientiam
1715 1015 2053 1080 verberum
2100 1038 2185 1079 an
2232 1015 2312 1080 ad
2358 1015 2757 1080 incitandum

312 1119 382 1167 26
421 1105 725 1170 iuvenum
769 1104 1058 1168 dolorem
1103 1102 1347 1168 dictum
1393 1108 1582 1188 essct,
1628 1104 1696 1168 in
1742 1105 2049 1189 ambiguo
2084 1103 2303 1169 fuisse.
2382 1104 2523 1169 Rex
2560 1105 2759 1168 animi

418 1193 832 1278 corporisque
879 1214 1110 1276 sopore
1156 1192 1470 1270 discuss0‚
1521 1215 1668 1257 cum
1712 1194 1881 1257 tanti
1925 1193 2225 1278 periculi,
2268 1214 2396 1276 quo
2444 1197 2759 1277 evaserat,

415 1282 635 1367 imago
690 1281 893 1347 oculis
953 1282 1315 1364 oberraret,

1376 1281 1823 1365 Eurylochum
1878 1300 1922 1345 L
1976 1283 2242 1347 talentis
2299 1286 2366 1346 et
2424 1280 2756 1346 cuiusdam

414 1370 724 1435 Tiridatis
771 1369 1094 1454 opulentis
1143 1369 1332 1435 bonis
1376 1371 1675 1453 protinus
1712 1370 1911 1435 donat
1946 1371 2359 1454 fratremque,
2406 1375 2755 1454 antequam

309 1475 378 1522 27
418 1481 536 1544 pro
583 1460 791 1524 salute
837 1459 972 1523 81118
1018 1462 1408 1543 precaretur,
1453 1459 1762 1524 restituit.
1854 1458 2127 1524 Sceleris
2176 1462 2393 1523 autem
2440 1463 2757 1542 auctores,

409 1550 580 1613 inter
645 1569 806 1632 quos
872 1544 1345 1631 Callisthenen,
1405 1549 1660 1613 vinctos
1724 1547 2051 1612 adservari
2114 1547 2325 1612 iubet:
2392 1548 2623 1633 quibus
2688 1549 2757 1612 in

412 1638 660 1722 regiam
719 1637 1006 1701 adductis
1062 1638 1204 1701 toto
1261 1636 1364 1700 die
1421 1641 1486 1700 et
1540 1639 1730 1701 nocte
1785 1637 2082 1721 proxima
2136 1659 2313 1701 mero
2375 1659 2449 1700 ac
2508 1637 2752 1721 vigiliis

302 1740 370 1790 28
410 1726 630 1811 gravis
675 1725 1022 1810 adquievit.

1110 1723 1383 1790 Postero
1433 1729 1655 1790 autem
1698 1726 2003 1811 frequens
2051 1726 2393 1790 consilium
2440 1724 2755 1809 adhibuit,
2775 1728 2865 1792 24

409 1815 512 1880 8111
547 1818 768 1898 patres
803 1813 1279 1898 propinquique
1317 1835 1559 1896 eorum,
1606 1813 1683 1878 de
1724 1815 1955 1916 quib-us
1994 1815 2324 1899 agebatur,
2368 1815 2751 1898 intererant,

407 1925 488 1968 ne
552 1904 630 1968 de
693 1925 811 1968 sua
875 1903 1132 1987 quidem
1198 1903 1408 1968 salute
1473 1903 1711 1968 securi:
1777 1904 2017 1988 quippe
2080 1903 2505 1968 Macedonum
2568 1925 2745 1968 more

405 2015 616 2076 perlre
661 1992 1000 2076 debebant,
1047 1991 1336 2057 omnium
1381 1992 1635 2057 devotis
1683 1993 2034 2076 capitibus„
2091 1992 2201 2076 qui
2249 1992 2560 2076 sanguine
2606 2013 2753 2057 con·

300 2097 368 2146 29
406 2081 712 2166 tigissent
756 2102 924 2146 reos.

1011 2079 1151 2144 Rex
1203 2080 1529 2145 introduci
1584 2083 1956 2146 coniuratos
2002 2085 2261 2164 praeter
2306 2077 2752 2144 Callisthenen

405 2170 625 2235 iussit:
672 2173 894 2254 atque,
941 2191 1101 2254 quae
1139 2169 1567 2254 agitaverant,
1614 2170 1751 2234 sine
1799 2170 2207 2234 cunctatione
2256 2168 2531 2234 confessi
2580 2173 2748 2233 sunt.

301 2274 368 2322 30
406 2259 900 2342 Increpantibus
956 2256 1186 2322 deinde
1238 2259 1558 2322 universis
1614 2279 1725 2322 eos
1770 2259 1914 2342 ipse
1966 2279 2105 2340 rex,
2161 2279 2287 2342 quo
2344 2279 2461 2322 suo
2516 2257 2747 2322 merito

263 2376 328 2453 sb
411 2351 666 2413 tantum
710 2348 778 2411 in
824 2350 1029 2411 semet
1075 2345 1476 2431 cogitassent
1519 2345 1791 2429 facinus,
1837 2346 2274 2459 interrogat-1

405 2540 604 2594 stehen
623 2580 636 2607 ‚
702 2538 825 2592 eine
887 2536 1206 2607 freiwillige
1269 2538 1519 2607 Aussage

402 2611 588 2665 thun.
655 2626 758 2678 per
797 2624 854 2665 se
899 2626 942 2663 s.
978 2626 1031 2662 v.
1069 2624 1120 2663 a.
1169 2624 1270 2663 suo
1305 2623 1410 2663 ore.
1449 2638 1517 2649 -

403 2681 771 2747 decederet,
817 2678 1065 2735 sachlich
1111 2678 1395 2749 unrichtig
1429 2679 1522 2733 fiir

401 2753 717 2809 decessisset.
780 2750 943 2807 Nach
969 2758 1000 2819 ξ
1023 2756 1090 2805 17
1116 2750 1270 2805 kann
1296 2749 1388 2805 die
1405 2751 1516 2805 An-

401 2824 558 2895 zeige
605 2824 718 2879 erst
754 2822 834 2877 im
872 2820 1110 2877 Vel-lauf
1139 2822 1237 2877 des
1272 2821 1520 2877 Vormit-

400 2898 529 2966 tage
558 2894 765 2965 erfolgt
791 2894 942 2961 sein3
980 2894 1126 2949 doch
1154 2892 1350 2947 deutet
1374 2894 1521 2947 auch

401 2967 501 3021 der
535 2966 756 3021 Beisatz
791 2967 996 3020 tumme
1028 2966 1206 3019 inlato
1241 2969 1272 3029 ξ
1309 2970 1378 3019 23
1419 2964 1518 3019 da-

400 3038 532 3093 rauf
561 3036 679 3108 hin,
715 3037 842 3093 dass
878 3036 1067 3092 0.(118
1105 3033 1272 3104 obige
1305 3034 1518 3089 Zeitbe·

402 3110 711 3178 stimmung
736 3124 1036 3178 vergessen
1061 3107 1238 3161 hatte.
1312 3106 1520 3161 decedit

399 3182 508 3247 sel,
543 3180 684 3245 dies,
720 3184 928 3248 tempus
961 3179 1040 3232 ist
1073 3178 1223 3247 poet.
1261 3194 1315 3230 u.
1348 3178 1518 3231 nach·

401 3250 683 3305 classisch.

396 3348 414 3367 v
473 3327 558 3375 24.
591 3323 1165 3391 consciorumque,
1182 3334 1364 3388 que==
1380 3318 1516 3372 ‘und

402 3392 593 3460 dabei,
647 3392 764 3445 und
807 3388 972 3446 unter
1017 3390 1280 3445 anderem
1326 3390 1515 3444 auch'.

400 3462 626 3519 Ebenso
663 3463 810 3517 oben
847 3469 894 3517 3.
935 3466 986 3518 8.
1031 3492 1102 3501 -
1147 3461 1513 3515 constabat.

400 3534 564 3589 Nach
616 3533 819 3589 Arx-ian
872 3532 1098 3601 behaup
1099 3532 1256 3587 teten
1309 3531 1516 3602 3818118

401 3606 492 3660 die
521 3604 726 3660 beiden
743 3550 1208 3673 zuverlassigsten
1226 3601 1516 3657 (1811111118-

399 3682 630 3731 manner
667 3676 766 3731 das
803 3674 1141 3745 Gegentheil
1177 3676 1248 3743 (4.
1289 3676 1394 3743 14).

470 3753 555 3803 25.
611 3748 1054 3812 verberatum,
1109 3764 1150 3800 8.
1206 3745 1297 3799 die
1351 3746 1514 3801 Anm.

397 3838 466 3873 zu
509 3820 824 3888 casttyandi
871 3824 902 3883 ξ
938 3822 988 3873 5
1041 3848 1108 3857 —-
1159 3816 1513 3872 consolan-

397 3891 546 3945 dam
571 3915 640 3937 =
667 3890 1030 3945 consolatione
1065 3888 1510 3956 confirmandam.

399 3960 474 4015 So
532 3965 662 4031 sagt
713 3961 888 4015 schon
941 3959 1169 4014 Cicero:
1243 3958 1516 4013 consolari

399 4033 710 4087 brevitatem
743 4033 960 4100 vitaep
965 4031 1117 4085 .Mil.
1138 4035 1205 4084 97
1235 4047 1288 4084 u.
1317 4028 1512 4083 ander—

399 4105 569 4158 warts
604 4104 856 4169 dolorem,
892 4049 1098 4157 lactum
1123 4100 1412 4155 consolari.
1445 4130 1512 4139 -

399 4174 472 4225 in
509 4174 840 4243 ambiqu,
875 4173 1026 4242 poet.
1063 4170 1168 4225 fiir.
1199 4171 1515 4240 ambiywwm

399 4242 526 4311 Vgl.
546 4244 1067 4312 inexpeditoessea.
1090 4248 1139 4296 1.
1160 4248 1255 4307 213
1283 4246 1332 4295 4.
1353 4246 1404 4295 2.
1426 4245 1512 4294 22.

1710 2544 1795 2592 26
1851 2552 1985 2607 qao
2019 2544 2361 2595 evaserat
2393 2540 2429 2595 f.
2470 2557 2497 2594 e
2530 2556 2636 2609 quo
2670 2556 2745 2593 ev.

1626 2610 1849 2664 Ebenso
1904 2609 2025 2666 Liv.
2082 2611 2421 2681 wenigsteiis
2475 2608 2749 2665 dreimal

1626 2680 1810 2807 poeclgen
1855 2680 1983 2736 dem
2028 2681 2356 2753 haufigeren
2408 2682 2629 2737 evadere
2672 2698 2750 2736 ex

1699 2846 1783 2896 27.
1824 2843 2007 2897 inter
2042 2818 2793 2912 <1¹ttoe,vgl.l?ainl.520.⁴

1626 2913 1793 2966 unter
1837 2914 1995 2969 inter.
2075 2914 2151 2967 Zu
2192 2911 2340 2968 181811
2386 2913 2521 2967 aber
2557 2930 2599 2967 s.
2637 2912 2747 2966 den

1627 2982 1777 3039 krit:
1795 2982 2119 3053 Anhangz.
2198 2986 2239 3038 t.
2321 3028 2335 3050 ‚

1697 3086 1782 3135 28.
1830 3085 2129 3149 pestere.
2192 3077 2249 3135 C.
2294 3079 2397 3133 hat
2440 3081 2598 3133 sonst
2640 3097 2749 3134 nur

1616 3152 1983 3220 posteo-om)
2008 3151 2140 3215 die,
2176 3150 2329 3204 wohl
2356 3149 2491 3203 aber
2516 3150 2593 3202 in
2620 3166 2744 3231 130-

1624 3227 1872 3277 aterum
1898 3222 2043 3277 ohne
2063 3217 2405 3275 Substantiv.
2427 3247 2495 3257 --
2512 3220 2746 3287 perire

1625 3292 1951 3349 debebant
1988 3292 2027 3347 f.
2069 3290 2347 3361 oportebat
2376 3290 2571 3357 perire.
2636 3286 2745 3345 Die

1625 3362 1967 3419 betreffende
2006 3362 2149 3417 Sitte
2194 3361 2271 3416 ist
2306 3359 2481 3415 8811011
2514 3359 2745 3430 bespro-

1625 3433 1769 3489 chen
1809 3441 1859 3489 6.
1902 3441 1983 3489 11.
2022 3440 2106 3488 20.
2156 3462 2221 3471 ——-
2268 3432 2747 3517 contiyissent,

1623 3504 1738 3575 vgl.
1792 3506 2113 3577 cognatione
2158 3505 2393 3573 aliquem
2437 3504 2746 3574 contingere

1625 3580 1675 3629 5.
1705 3582 1853 3630 312
1882 3594 1937 3630 u.
1955 3582 2016 3673 6.
2079 3576 2194 3630 Das
2219 3575 2327 3644 Plp
2328 3574 2366 3629 f.
2400 3574 2477 3629 ist
2502 3576 2650 3630 etwa
2676 3592 2743 3629 zu

1624 3646 1905 3703 8111111180.
1955 3646 2038 3700 111
2074 3593 2327 3701 Betreffp
2318 3646 2488 3701 deren
2525 3662 2585 3701 88
2622 3646 2743 3700 81811

1622 3717 2056 3788 herausgestellt
2091 3718 2277 3785 hatte,
2323 3716 2452 3771 dass
2490 3716 2573 3772 sie
2610 3716 2741 3773 etc'.

1693 3819 1777 3869 30.
1843 3815 1987 3883 ipse
2038 3832 2181 3898 rex,
2246 3814 2579 3898 Gegensat23
2643 3814 2743 3867 der

1620 3884 1809 3955 K6nig
1858 3885 1951 3939 fur
2000 3885 2153 3941 seine
2166 3858 2404 3941 Person
2446 3885 2599 3939 blieb
2644 3900 2741 3937 an-

1622 3956 1925 4038 scheinend
1966 3958 2149 4028 ruhig.
2190 3988 2256 3997 -
2298 3972 2421 4026 quo
2462 3972 2578 4010 suo
2615 3971 2739 4009 me·

1620 4028 1757 4081 rito
1784 4025 1889 4081 wie
1917 4033 1998 4085 10.
2020 4034 2067 4083 7.
2089 4035 2139 4083 2.
2204 4028 2425 4083 Ebenso
2460 4026 2540 4081 im
2568 4024 2739 4080 ublen

1622 4095 1793 4153 Sinne
1849 4098 1959 4154 Cic.
2112 4100 2251 4155 Sest.
2298 4105 2367 4153 39
2417 4099 2571 4153 nullo
2623 4112 2739 4150 meo

1620 4170 1811 4294 18118γίὑο
1850 4195 1917 4217 ---
1955 4118 2099 4225 ohne
2139 4169 2348 4225 Schuld
2382 4185 2492 4223 von
2528 4167 2739 4221 meiner

1662 4238 1774 4295 eite
