3069 4749
457 165 583 232 186
1366 168 1429 230 Q.
1470 168 1690 219 cmm
1724 168 1897 218 mm

455 332 831 414 aperuerat:
902 331 1060 394 tune
1142 327 1529 394 haesitabat.
1593 327 1988 412 deprehensa
2059 327 2342 393 felicitas
2425 349 2546 392 nec
2617 327 2796 394 aliud

348 429 415 478 23
453 418 805 483 remedium
862 421 1001 482 erat
1056 439 1252 501 quam
1305 417 1572 501 reverti,
1632 439 1760 502 qua
1813 420 2096 482 venerat.
2185 415 2414 500 Itaque
2463 417 2652 502 signo
2701 439 2797 482 re·

454 507 668 591 ceptui
706 507 857 571 dato
896 507 1181 572 densatis
1222 506 1558 571 ordinibus
1596 507 1933 591 ¹scutisque
1983 526 2176 590 super
2225 505 2442 590 capita
2477 507 2796 571 consertis

452 601 627 662 retro
674 595 943 661 evadere
1000 617 1079 659 ex
1125 594 1444 680 angustiis
1491 594 1689 660 iubet.
1779 613 1924 660 xxx
1969 594 2148 660 fuere
2195 594 2441 678 stadia,
2487 615 2652 679 quae
2700 616 2800 659 re-

452 685 663 751 mensi
710 687 881 750 sunt.

1468 876 1627 944 CAP.
1670 877 1785 943 IV.

388 1033 417 1080 1
634 1020 799 1084 Tum
857 1019 1089 1087 castris
1144 1020 1427 1104 undique
1459 1023 1710 1104 aperto
1764 1020 1908 1086 loco
1953 1019 2189 1105 positis
2242 1041 2376 1086 non
2429 1021 2798 1088 consultare
2823 1019 2906 1084 13

453 1108 675 1192 mode,
722 1108 876 1194 quid
924 1108 1263 1211 agendum
1294 1113 1493 1192 esset,
1551 1109 1662 1174 sed
1707 1113 1889 1174 vates
1937 1130 2190 1193 quoque
2237 1109 2540 1174 adhibere
2586 1110 2802 1193 coepit

387 1209 419 1258 2
460 1220 499 1264 a
554 1197 1011 1282 superstitione
1067 1197 1283 1262 animi.
1376 1160 1501 1263 Sed
1558 1198 1713 1283 quid
1765 1201 1923 1263 tunc
1975 1197 2338 1281 praedicere
2394 1198 2798 1283 Aristander,

460 1288 561 1352 cui
606 1287 955 1371 plurimum
1003 1285 1303 1350 credebat
1350 1308 1429 1352 ex
1463 1267 1735 1352 'vatibus
1747 1337 1766 1370 ,
1810 1285 2110 1371 poterat?
2199 1285 2430 1371 Itaque
2477 1287 2798 1353 damnatis

457 1375 934 1460 intempestivis
991 1369 1325 1440 sacrificiis
1383 1375 1628 1459 peritos
1685 1376 1975 1442 locorum
2031 1376 2374 1441 convocari
2422 1375 2628 1442 iubet.
2683 1397 2800 1459 per

388 1476 420 1524 3
456 1463 737 1529 Mediam
782 1463 909 1528 iter
955 1463 1384 1529 ostendebant
1427 1466 1646 1529 tutum
1693 1467 2128 1550 apertumque.
2182 1461 2305 1528 Sed
2349 1486 2462 1530 rex
2507 1465 2800 1530 deserere

456 1552 695 1618 milites
742 1552 1106 1636 insepultos
1154 1551 1578 1618 erubescebat
1622 1554 1720 1618 ita
1764 1553 2007 1619 tradito
2055 1573 2265 1637 more,
2318 1557 2392 1618 ut
2442 1553 2552 1618 vix
2595 1553 2798 1618 ullum

384 1653 420 1701 4
457 1642 733 1707 militiae
778 1647 917 1706 tam
965 1640 1275 1706 sollemne
1322 1646 1493 1706 esset
1528 1663 1762 1706 munus
1811 1664 2005 1728 quam
2049 1641 2363 1708 humandi
2408 1664 2579 1708 suos.
2634 1639 2798 1726 Cap-

451 1732 628 1796 tivos
689 1751 872 1816 ergo,
934 1751 1098 1812 quos
1154 1751 1360 1814 nuper
1412 1735 1778 1814 exceperat,
1840 1730 2062 1796 vocari
2106 1730 2303 1796 iubet.
2389 1731 2570 1796 Inter
2633 1752 2797 1815 quos

452 1822 591 1884 erat
638 1819 900 1903 quidam
949 1818 1235 1884 Graecae
1279 1817 1703 1904 Persicaeque
1748 1819 2012 1904 linguae
2056 1819 2333 1904 peritus,
2388 1820 2499 1904 qui
2553 1818 2798 1885 frustra

452 1930 601 1974 eum
653 1910 723 1973 in
767 1906 1101 1973 Persidem
1160 1907 1478 1973 montium
1536 1908 1729 1974 dorso
1777 1908 2125 1974 exercitum
2183 1907 2411 1974 ducere
2467 1908 2795 1974 adfirmatz

453 1997 783 2064 silvestres
830 2017 973 2062 esse
1010 1996 1225 2080 calles,
1270 1996 1378 2061 vix
1416 1997 1696 2083 singulis
1730 1998 2016 2081 perviost
2065 1997 2284 2063 omnia
2328 1997 2585 2082 contegi
2619 1996 2795 2062 fron·

386 2098 419 2146 5
458 2086 645 2152 dibus
690 2085 1111 2170 inplexosque
1156 2085 1460 2151 arborum
1506 2107 1725 2150 ramos
1773 2087 1972 2151 silvas
2019 2087 2441 2152 committere.
2497 2083 2795 2170 Namque

341 2211 363 2233 .
454 2174 671 2240 Persis
746 2173 827 2238 ab
905 2173 1111 2239 altero
1186 2175 1386 2239 latere
1448 2175 1782 2259 perpetuis
1847 2175 2168 2240 montium
2221 2175 2392 2260 iugis
2457 2174 2794 2240 clauditur.

385 2275 417 2324 6
454 2262 597 2329 Hoc
643 2262 923 2344 dorsum,
970 2261 1141 2346 quod
1187 2263 1257 2328 in
1303 2262 1778 2348 longitudinem
1822 2280 1992 2347 MDG,
2035 2263 2106 2328 in
2151 2263 2566 2329 latitudinem
2613 2281 2796 2329 CLXX

454 2350 667 2417 stadia
708 2350 1059 2437 procurrit,
1118 2372 1159 2415 a
1204 2348 1495 2418 Caucaso
1543 2356 1762 2419 monte
1818 2353 1898 2418 ad
1945 2352 2211 2419 rubrum
2265 2374 2444 2418 mare
2489 2353 2798 2439 pertinet,

453 2462 708 2525 quaque
746 2440 980 2505 defecit
1018 2460 1226 2524 mons,
1273 2440 1452 2505 aliud
1499 2442 1972 2507 munimentum
2021 2442 2258 2507 fretum
2315 2443 2638 2508 obiectum
2675 2446 2795 2507 est.

451 2702 671 2758 Vorfall
706 2718 777 2757 an
780 2702 1026 2786 gespielt
1058 2703 1217 2759 wird.
1268 2702 1369 2759 Als
1405 2702 1564 2760 Alex.
1742 2710 1793 2759 4.
1817 2705 2094 2774 ducere,
2122 2704 2282 2760 nicht
2307 2706 2619 2771 ducturam,
2647 2704 2796 2759 denn

452 2792 527 2829 an
577 2775 705 2829 dem
748 2773 1136 2857 gefahrlichen
1188 2774 1437 2845 Strandp
1438 2790 1564 2829 asse
1671 2773 1830 2831 Alex.
1869 2775 2030 2831 hatte
2068 2775 2243 2831 sehon
2280 2775 2389 2831 den
2425 2775 2652 2846 Anfang
2689 2775 2787 2830 da-

450 2845 545 2901 bei
588 2792 843 2901 Phaselis
898 2844 958 2899 in
1014 2845 1269 2915 Pamphy
1272 2846 1389 2901 lien
1398 2794 1566 2900 phin·
1671 2847 1779 2901 mit
1824 2846 2102 2928 gemacht.
2153 2876 2222 2887 —
2271 2848 2621 2917 inplexos,
2670 2843 2793 2901 ‘die

450 2934 571 2987 zog,
592 2915 825 2971 anderte
845 2914 967 2971 sich
985 2864 1269 2985 plbtzlich
1276 2916 1375 2971 der
1390 2915 1567 2972 Wind
1671 2919 1837 2972 unter
1892 2916 2160 2973 einander
2202 2917 2674 2974 verflochtenen'.
2725 2948 2793 2957 —

449 2989 566 3043 und
603 2988 703 3042 das
728 2986 888 3042 Meet
922 2986 1069 3042 wich
1104 2988 1329 3056 zurfick,
1370 3005 1411 3041 s,
1440 2986 1564 3041 Arr.
1671 2988 1894 3043 silvae
1929 2990 2360 3058 committere,
2381 2988 2489 3045 wie
2507 2989 2796 3045 conmitte-

454 3064 501 3113 1.
530 3064 615 3114 26.
651 3057 1079 3113 Rficksichtlich
1116 3057 1213 3113 des
1242 3058 1566 3114 Ausdrucks
1671 3064 1756 3115 ret
1787 3061 1969 3114 maria
1997 3064 2228 3126 3.1.13‚
2257 3084 2328 3105 τε
2356 3076 2483 3129 eng
2507 3060 2796 3114 verbin-

449 3130 563 3199 vgl.
612 3134 662 3183 3.
710 3136 760 3183 4.
807 3136 843 3184 4
898 3130 1111 3196 aditae,
1161 3130 1259 3199 qui
1311 3129 1570 3185 Ciliciam
1675 3130 1826 3198 den,
1847 3130 2794 3185 zusammenfliessenlassen.

451 3202 631 3269 aperit
638 3220 659 3266 ;
706 3207 755 3256 e.
792 3206 845 3255 4.
881 3206 917 3254 4
950 3201 1182 3267 (amnis)
1216 3201 1329 3256 duo
1361 3202 1570 3257 itinera
1673 3172 1999 3256 Ubeisetze·
2047 3199 2301 3256 bildeton
2337 3202 2426 3257 ein
2463 3202 2792 3271 fortgesetz-

450 3273 641 3339 aperit.
720 3302 788 3311 —
866 3272 1255 3326 haesitabat
1335 3273 1569 3341 depre-
1674 3274 1792 3340 tes,
1840 3271 2058 3327 dichtes
2104 3271 2427 3327 Laubdach.
2502 3270 2614 3325 Der
2647 3272 2793 3326 Aus-

448 3342 679 3409 henea,
739 3342 757 3371 ³
772 3340 885 3397 sass
930 3340 992 3397 in
1036 3341 1192 3397 einer
1236 3342 1394 3397 Falle
1439 3342 1569 3411 fest,
1675 3343 1855 3398 druck
1889 3342 1968 3398 ist
2001 3342 2158 3398 kfihn
2185 3341 2304 3397 und
2329 3342 2790 3411 ιιιιςοιπδιιιιΙίοιι·

450 3428 568 3467 war
612 3411 673 3467 in
718 3412 843 3467 eine
899 3411 1059 3468 Falle
1110 3413 1398 3482 geraten'3
1451 3414 1568 3482 vgl.
1676 3412 1965 3469 einfacher
1999 3415 2174 3469 unten
2199 3418 2230 3479 5
2259 3419 2345 3468 24.
2386 3412 2720 3469 Committere
2747 3429 2793 3469 8.

450 3484 719 3539 haesitare
752 3484 819 3538 in
854 3484 996 3550 lato,
1044 3485 1203 3539 vadis
1224 3485 1353 3539 und
1388 3485 1453 3539 in
1486 3486 1570 3551 fo·
1677 3485 1832 3540 steht
1892 3484 2373 3556 gewissermal'sen
2435 3485 2525 3539 ffir
2585 3485 2794 3553 efficere

448 3571 550 3610 νεα
582 3555 902 3623 deprehensi
936 3559 967 3620 5
1007 3559 1088 3609 19.
1675 3556 2192 3683 οωηιηιῖῑεαεὴβπεςν
2211 3562 2332 3683 ἐκ),
2369 3557 2664 3693 cantunaco?
2697 3555 2794 3681 eici}-

450 3748 505 3786 ...
523 3660 1284 3788 ²32150’3332325322V33?
1302 3658 1564 3798 ἔξιθι
1671 3642 1981 3825 ξίξωξὲἕ
2033 3643 2191 3754 οέΐιίε
2253 3644 2404 3755 εἶθ’
2418 3643 2794 3753 Musa...

1735 3844 1794 3911 ,6.
1860 3840 1938 3895 ab
1993 3840 2206 3896 altero
2261 3841 2469 3896 latere
2524 3839 2576 3895 d.
2625 3838 2663 3894 i.
2713 3838 2794 3893 im

877 3908 1010 3963 Ru».
1043 3907 1137 3964 IV.
1677 3909 1883 3966 Sflden.
2071 3926 2076 3931 ·

1747 3985 1795 4035 6.
1837 3983 2208 4051 procurrit.
2253 3984 2323 4037 Ιιι
2359 3982 2541 4037 dieser
2576 3981 2793 4043 Beden-

526 4020 572 4069 1.
613 4034 651 4071 a
684 4015 1201 4116 superstitione,
1240 4032 1281 4070 s.
1320 4014 1385 4072 E.
1424 4022 1510 4070 39.
1672 4053 1817 4122 tang
1860 4049 1937 4106 Μ
1982 4052 2082 4106 das
2129 4052 2296 4108 Worfi
2348 4056 2496 4122 poet·
2543 4070 2600 4107 u·
2643 4052 2790 4118 nk1.;

523 4101 1566 4173 2.plarimanasselbeLobschon
1675 4122 1822 4178 doch
1859 4122 1974 4193 νει,
2011 4138 2298 4179 exem-rere
2335 4130 2385 4180 3·
2416 4128 2529 4177 44ss
2565 4141 2618 4177 u,
2649 4128 2700 4177 ὅ,
2723 4151 2792 4162 .-

452 4181 502 4231 4.
542 4181 591 4231 6.
632 4181 716 4231 12.
759 4206 823 4215 --
859 4176 1219 4232 damnatis.
1286 4173 1339 4229 S.
1378 4174 1440 4229 E.
1480 4180 1529 4231 5.
1675 4211 1713 4249 a
1769 4193 2072 4251 Caucaso
2127 4212 2170 4249 0,
2215 4194 2362 4249 ΑΗΒ,
2405 4194 2501 4249 Ῑν,
2559 4224 2624 4233 -.
2683 4194 2792 4248 de-

523 4269 573 4319 3.
628 4264 1094 4330 ostendebant,
1141 4263 1286 4319 hier:
1330 4263 1433 4317 ‘sie
1469 4263 1570 4319 be·
1674 4265 1853 4332 feeit.
1927 4264 2032 4320 Die
2094 4264 2354 4321 Perfecta
2421 4265 2606 4319 lassen
2671 4263 2793 4319 dies

456 4332 763 4401 sehr-ichen,
805 4333 1191 4390 schilderten’.
1675 4335 1815 4391 alles
1870 4351 1971 4391 vor
2023 4336 2134 4391 den
2188 4336 2386 4406 Augen
2441 4335 2538 4389 des
2593 4333 2791 4391 Lesers
