3069 4749
429 133 558 198 178
1365 133 1429 199 Q.
1469 132 1691 188 CURTI
1726 133 1902 188 RUFI

321 309 394 357 22
431 297 700 379 tulerat,
757 295 899 380 quis
953 296 1318 362 distributis
1371 299 1599 360 vetera
1652 297 1928 361 cremari
1972 297 2187 361 iussit.
2274 294 2457 360 Mille
2502 296 2791 380 navigiis

431 385 725 450 aditurus
791 383 1122 450 Oceanum
1185 384 1643 469 discordesque
1708 388 1775 450 et
1836 389 2059 450 vetera
2133 385 2281 450 odia
2352 387 2797 450 retractantes

429 473 674 540 Porum
701 477 770 539 et
797 472 1088 557 Taxilen,
1121 472 1348 538 Indiae
1375 492 1583 556 regeS,
1618 473 1917 538 firmatae
1944 495 2061 557 per
2088 473 2493 538 adfinitatem
2532 473 2791 556 gratiae

430 563 744 647 relinquit
789 563 861 626 in
907 563 1042 628 suis
1079 562 1318 647 regnis,
1365 582 1619 626 summo
1657 561 1727 624 in
1764 562 2163 626 aedificanda
2197 562 2406 626 classe
2444 561 2789 626 amborum

323 662 392 710 23
434 650 648 716 studio
704 674 878 718 usus.
978 650 1238 734 Oppida
1293 672 1549 734 quoque
1614 649 1741 714 duo
1800 651 2113 729 condidit,
2178 671 2452 734 quorum
2508 651 2791 715 alterum

427 737 745 806 Nicaeam
784 739 1158 823 appellavit,
1203 739 1484 804 alterum
1518 737 1985 823 Bucephalam,
2031 740 2198 823 equi,
2236 759 2426 824 quem
2464 739 2801 821 amiserat,

321 839 393 888 24
431 829 780 894 memoriae
837 849 913 892 ac
967 827 1218 892 nomini
1273 827 1580 893 dedicans
1634 827 1880 893 urbem.
1978 827 2363 911 Elephantis
2428 827 2655 891 deinde
2722 831 2795 892 et

429 916 886 1000 inpedimentis
933 920 1111 980 terra
1159 915 1344 999 sequi
1385 915 1585 981 iussis
1632 916 1911 981 secundo
1950 937 2143 981 amne
2180 915 2473 999 defluxit,
2516 915 2793 999 quadra-

431 1007 616 1090 ginta
669 1005 872 1070 ferme
929 1005 1144 1070 stadia
1199 1004 1474 1089 singulis
1529 1004 1757 1070 diebus
1812 1003 2197 1088 procedens,
2262 1009 2337 1068 ut
2400 1004 2791 1087 opportunis
2836 1007 2840 1012 ’

319 1087 394 1251 lv
432 1095 596 1160 locis
643 1094 880 1177 exponi
927 1093 1198 1158 subinde
1245 1093 1470 1176 copiae
1518 1097 1857 1180 possent-j

1449 1319 1611 1387 CAP.
1655 1321 1772 1388 IV.

365 1461 394 1505 1
613 1447 1010 1514 Perventum
1075 1452 1217 1512 erat
1277 1448 1348 1511 in
1411 1447 1745 1531 regionem
1764 1495 1783 1528 ,
1845 1445 1917 1510 in
1979 1469 2108 1530 qua
2169 1445 2513 1532 Hydaspes
2579 1447 2794 1512 amnis
2820 1444 2912 1512 14

361 1547 394 1594 2
433 1537 703 1602 Acesini
751 1537 1200 1602 committitur.
1289 1535 1465 1600 Hinc
1511 1535 1801 1600 decurrit
1844 1534 1914 1598 in
1958 1536 2121 1600 fines
2162 1533 2483 1600 Siborum.
2573 1532 2667 1602 Hi
2712 1536 2793 1600 de

435 1625 718 1690 exercitu
763 1624 1067 1691 Herculis
1113 1625 1394 1689 maiores
1445 1646 1598 1688 suos
1637 1645 1781 1689 esse
1817 1626 2208 1688 memorant:
2256 1643 2489 1708 aegros
2526 1625 2793 1689 relictos

359 1725 392 1773 3
435 1715 681 1798 cepisse
721 1713 958 1796 sedem⁷
994 1735 1190 1798 quam
1228 1713 1360 1797 ipsi
1396 1713 1800 1778 obtinebant.
1865 1710 2080 1776 Pelles
2116 1713 2401 1778 ferarum
2434 1735 2555 1797 pro
2597 1717 2797 1796 veste,

433 1804 656 1868 clavae
710 1801 848 1866 tela
903 1806 1112 1867 erant:
1174 1802 1511 1885 multaque
1558 1802 1787 1883 etiam,
1848 1822 1993 1865 cum
2040 1800 2271 1866 Graeci
2316 1823 2531 1866 mores
2581 1803 2793 1866 exole-

359 1904 395 1950 4
432 1892 708 1975 vissent,
763 1891 990 1974 stirpis
1047 1889 1484 1956 ostendebant
1538 1890 1836 1975 vestigia.
1927 1889 2101 1954 Hinc
2146 1890 2565 1955 exscensione
2614 1889 2794 1956 facta

434 1997 518 2046 cc
579 1984 647 2046 et
703 1997 749 2043 L
817 1979 1031 2044 stadia
1093 1978 1374 2044 excessit
1438 1979 1999 2062 depopulatusque
2061 1979 2395 2063 regionem
2460 1979 2796 2080 oppidum,

361 2079 393 2126 5
432 2073 629 2152 caput
674 2067 832 2151 eius,
877 2088 1118 2133 corona
1163 2068 1353 2151 cepit.
1441 2085 1537 2132 XL
1582 2065 1879 2150 peditum
1918 2066 2105 2131 milia
2134 2067 2494 2168 ’Agalasses
2542 2067 2611 2131 in
2646 2068 2795 2151 ripa

432 2157 774 2222 fluminum
821 2161 1288 2240 opposuerant.
1336 2177 1501 2240 quae
1548 2177 1737 2220 amne
1786 2159 2089 2238 superato
2128 2157 2198 2219 in
2232 2155 2460 2240 fugam
2498 2156 2799 2238 conpulit

435 2246 847 2328 inclusosque
883 2245 1226 2310 moenibus
1265 2249 1613 2328 expugnat.
1692 2242 1979 2308 Puberes
2016 2243 2346 2309 interfecti
2384 2248 2555 2323 sunt,
2592 2245 2793 2308 ceteri

367 2345 398 2393 6
436 2334 796 2400 venierunt.
884 2333 1181 2398 Alteram
1239 2332 1470 2398 deinde
1516 2334 1747 2398 urbem
1792 2353 2162 2418 expugnare
2208 2333 2475 2399 adortus
2520 2353 2796 2419 magna-

437 2446 560 2507 que
615 2423 682 2487 vi
737 2422 1216 2487 defendentium
1269 2422 1495 2506 pulsus
1552 2422 1795 2488 multos
1850 2422 2276 2487 Macedonum
2333 2422 2573 2487 amisit.
2664 2420 2791 2487 Sed

439 2533 584 2576 eum
612 2512 683 2575 in
710 2510 1046 2575 obsidione
1073 2514 1574 2595 perseverasset,
1611 2510 1916 2595 oppidani
1944 2510 2289 2595 desperata
2318 2511 2529 2575 salute
2566 2512 2791 2595 ignem

436 2744 519 2793 10.
551 2744 602 2792 2.
633 2743 682 2791 2.
722 2767 789 2777 -
825 2739 1233 2807 pertulerat,
1271 2738 1376 2794 wie
1414 2740 1560 2794 auch

432 2807 726 2935 Enchrfaoh
762 2810 856 2863 bei
893 2808 952 2865 C.
988 2810 1288 2879 perducere
1331 2809 1422 2865 fiir
1462 2812 1560 2866 ad-

471 2897 627 2935 acere

505 2957 592 3006 22.
647 2952 1144 3041 discordesque.
1228 2951 1414 3007 Ueber
1459 2967 1562 3021 que

434 3028 485 3077 et
513 3048 582 3069 =
610 3020 671 3076 τὲ
711 3024 818 3077 καί
847 3040 890 3077 s.
919 3022 1066 3077 Einl.
1097 3028 1127 3087 ξ
1155 3028 1225 3077 46
1255 3040 1304 3077 a..
1373 3022 1561 3077 Ueber

435 3092 546 3147 den
581 3110 707 3163 gen.
749 3094 898 3163 qual.
937 3094 1032 3147 bei
1065 3094 1290 3163 reliquit
1321 3111 1366 3149 s.
1395 3093 1560 3148 eben·

437 3164 553 3219 das.
593 3169 624 3229 {3
662 3170 730 3217 29
760 3181 810 3219 c.

508 3240 595 3289 23.
653 3234 975 3290 condidit.
1053 3236 1106 3290 S.
1157 3234 1248 3289 die
1284 3234 1446 3290 Anm.
1493 3254 1563 3289 zu

439 3312 484 3361 1.
535 3311 584 3361 6.
639 3334 706 3343 -·
763 3306 940 3375 equi,
993 3324 1035 3361 s.
1085 3312 1136 3361 6.
1183 3311 1232 3361 ὅ.
1283 3312 1366 3361 18.
1447 3306 1563 3359 Das

433 3376 576 3431 Ross
623 3392 742 3430 war
780 3376 892 3430 den
926 3376 988 3431 in
1024 3377 1124 3432 der
1161 3376 1433 3432 Schlacht
1466 3394 1560 3431 am

433 3446 728 3516 Hydaspes
756 3445 1052 3503 erhaltnen
1077 3448 1341 3503 Wunden
1371 3450 1557 3517 (8.14.

437 3520 528 3585 34)
566 3517 703 3572 bald
740 3517 945 3572 darauf
975 3518 1218 3601 erlegen5

509 3594 593 3643 24.
623 3590 1132 3657 inpedimenti&
1160 3588 1434 3643 vielmehr
1461 3589 1563 3643 das

438 3659 580 3715 Gros
618 3659 717 3713 des
753 3659 962 3715 Heeres
1006 3662 1173 3715 unter
1210 3659 1470 3715 Craterus
1505 3678 1561 3713 u.

436 3729 826 3800 Hephaestion
871 3733 1013 3798 (Arr
1062 3737 1110 3786 6.
1161 3738 1221 3799 2·
1267 3731 1429 3786 Diod.
1477 3736 1562 3785 17.

440 3804 546 3869 96).
600 3830 667 3840 —
720 3802 1068 3867 defluxit.
1153 3802 1219 3856 In
1268 3800 1565 3855 derselben

437 3872 652 3927 Phrase
691 3873 836 3926 auch
875 3877 923 3927 4.
964 3879 1012 3928 8.
1055 3879 1103 3927 7.
1153 3902 1220 3912 —
1267 3873 1563 3941 quadra-

438 3944 634 4012 ginta
688 3944 922 3997 stadia
968 3969 1036 3989 =
1089 3943 1243 3996 ‘nur
1296 3944 1443 3998 etwa
1492 3948 1564 3997 40

371 4071 389 4093 ρ
443 4013 706 4083 Stadien,
743 4013 794 4069 d.
834 4014 870 4067 i.
910 4014 1032 4069 eine
1069 4012 1283 4068 Meile'.

869 4135 996 4191 Cir.
1033 4136 1128 4195 IV.

515 4233 560 4279 1.
591 4225 924 4291 decurrit,
952 4225 1051 4280 der
1072 4224 1399 4294 vereinigte,
1425 4242 1565 4279 nun-

439 4296 600 4349 mehr
636 4294 902 4350 Acesines
939 4298 1218 4365 genannte
1255 4296 1434 4367 Fluss,
1471 4296 1566 4351 da-

1667 2739 1772 2793 her
1816 2739 2108 2807 flwmmum
2152 2742 2183 2802 ὅ
2222 2743 2254 2792 5
2292 2738 2475 2791 neben
2512 2754 2685 2793 amne.
2723 2770 2793 2777 —

1668 2808 1994 2864 Siborum.
2078 2807 2245 2863 Diese
2292 2808 2412 2863 Sibi
2455 2808 2799 2877 (‘Siva-An·‘

1668 2880 1849 2935 beter'
1866 2882 1913 2948 ?)
1950 2879 2176 2934 werden
2211 2896 2323 2933 von
2358 2878 2570 2934 Diodor
2606 2880 2793 2947 Σίβοι,

1668 2968 1783 3006 von
1837 2950 2084 3005 anderen
2132 2949 2574 3005 Schriftstellern
2618 2952 2795 3023 Σίβαι

1670 3023 1935 3091 genannt.
2463 3078 2467 3082 ,

1742 3098 1791 3148 2.
1849 3106 2025 3160 esse,
2082 3092 2135 3149 d.
2187 3092 2243 3148 h.
2297 3092 2501 3163 gehort
2550 3092 2796 3147 h'atten

2213 3163 2341 3233 Vgl.
2378 3164 2541 3218 duces
2570 3164 2637 3218 de
2663 3180 2792 3231 cap-

1669 3235 1799 3289 tivis
1834 3234 1955 3289 dati
1993 3239 2041 3288 5.
2072 3239 2122 3289 4.
2154 3240 2239 3288 20.
2312 3235 2401 3288 Da
2435 3234 2527 3288 die
2560 3235 2797 3289 maiores

1668 3305 1729 3359 in
1756 3306 1854 3359 der
1874 3304 2227 3375 Erinnerung
2249 3305 2348 3359 der
2364 3305 2417 3359 N
2420 3304 2797 3360 achkommen

1668 3376 1816 3429 noch
1852 3375 2149 3445 fortleben,
2188 3393 2249 3432 so
2286 3376 2363 3429 ist
2389 3392 2498 3431 esse
2524 3401 2593 3422 =
2620 3377 2797 3444 fuisse

1668 3446 2003 3514 berechtigt.

1741 3522 1791 3572 3.
1838 3519 1973 3572 tela
2008 3542 2075 3565 -—-
2118 3516 2651 3588 ‘Angriffswaffen',
2687 3517 2795 3571 wie

1670 3588 1817 3643 oben
1867 3595 1913 3643 1.
1963 3595 2046 3643 15.
2132 3588 2221 3642 Sie
2275 3591 2479 3658 trugen
2532 3589 2651 3643 also
2702 3588 2796 3642 die

1674 3658 1887 3713 Tracht
1921 3659 2019 3714 des
2056 3658 2351 3714 Herkules.

1741 3734 1793 3785 4.
1822 3731 2281 3799 exscensione,
2308 3729 2401 3785 ein
2426 3728 2789 3785 livianisches

1670 3800 1851 3855 Wort.
1891 3830 1958 3841 --
1997 3801 2177 3867 hinc,
2221 3817 2335 3856 von
2370 3800 2477 3855 den
2516 3800 2639 3856 Sibi
2674 3817 2794 3869 aus,

1672 3870 1765 3926 die
1783 3870 2102 3925 Alexander
2126 3871 2274 3926 nach
2297 3870 2511 3927 Diodor
2536 3871 2644 3925 mit
2670 3888 2797 3926 aus-

1678 3942 1978 4012 gesuchter
2012 3941 2187 3996 Milde
2223 3941 2579 3997 behandelte.

1742 4017 1793 4068 5.
1850 4013 2221 4093 Ayalasses
2257 4038 2323 4059 1=
2364 4010 2423 4067 οἵ
2450 4006 2496 4066 Ἀ
2499 4015 2799 4081 γαλασσεῖς

1671 4082 1765 4137 bei
1798 4082 2039 4151 Diodor,
2076 4083 2177 4139 der
2211 4084 2303 4139 ihr
2336 4083 2613 4138 Fussvolk
2650 4083 2800 4138 auch

1672 4154 1775 4207 auf
1804 4159 1890 4221 40,
1894 4160 1999 4209 000
2036 4155 2208 4209 Manu
2246 4154 2491 4224 angiebt.
2561 4154 2724 4208 Doch
2754 4171 2796 4207 s.

1672 4223 1783 4278 den
1826 4224 1958 4282 krit.
2004 4225 2262 4296 Anhang.
2315 4258 2381 4269 --
2433 4225 2801 4291 fluminum

1674 4319 1743 4342 -ε
1782 4313 1939 4351 anme
1976 4314 2017 4351 s.
2057 4302 2088 4361 ξ
2128 4303 2177 4351 1.

1668 3181 1797 3217 zum
1822 3160 2007 3217 Heere
2033 3165 2139 3217 etc.
