3069 4749
908 86 1412 139 msroamRUM
1445 86 1871 137 ALEXANDRI
1906 83 2707 151 1v,11.151
2752 120 2759 125 .

356 252 518 337 quid
557 251 846 333 sentiret,
883 268 1079 316 ausus
1117 252 1219 313 est
1255 246 1464 313 dicere
1500 248 1755 313 incerta
1789 246 1963 331 regis
2000 246 2355 311 voluntate.
2420 246 2709 311 Tandem
2748 261 2812 309 11

289 410 294 415 ,
359 340 708 405 Parmenio
757 342 948 403 antea
993 337 1275 406 suasisse
1323 336 1446 420 ait,
1492 339 1566 401 ut
1612 335 1905 421 captivos
1956 335 2127 419 apud
2172 334 2566 401 Damascum
2611 357 2707 399 re·
2818 396 2839 429 ‚3

358 428 760 495 dimentibus
796 426 1119 494 redderet:
1157 427 1493 511 ingentem
1528 424 1869 509 pecuniam
1904 424 2197 507 potuisse
2234 424 2439 507 redigi
2469 446 2548 489 ex
2584 424 2711 508 his,
2837 430 2854 515 ¹3

359 518 478 601 qui
519 517 711 584 multi
757 516 957 582 vincti
1000 515 1294 581 virorum
1337 514 1613 581 fortium
1650 516 2042 597 occuparent
2087 534 2335 577 manus,
2409 512 2499 577 Et
2534 535 2709 577 nunc
2749 528 2815 577 12

359 626 760 691 magnopere
807 625 1093 686 censere,
1138 608 1214 669 ut
1257 626 1458 671 unam
1507 625 1707 667 anum
1754 604 1821 667 et
1866 602 2025 667 duas
2070 601 2356 686 puellas,
2400 602 2712 667 itinerum

361 694 828 779 agminumque
864 693 1324 777 inpedimenta,
1361 710 1512 757 xxx
1540 692 1805 757 milibus
1836 692 2159 758 talentum
2189 690 2329 755 auri
2367 692 2712 774 permutet.
2796 723 2804 731 ··

363 782 670 869 Opimum
735 801 1011 866 regnum
1075 802 1390 865 occupare
1446 803 1637 864 posse
1694 780 2097 863 condicione,
2150 801 2283 844 non
2340 780 2539 861 bello,
2594 800 2713 843 nec
2754 775 2873 891 133

359 893 754 956 quemquam
801 872 1000 935 alium
1046 870 1219 938 inter
1263 870 1507 934 Istrum
1554 872 1621 934 et
1665 868 2047 953 Euphraten
2094 867 2460 951 possedisse
2506 872 2713 932 terras

360 962 620 1045 ingenti
647 960 861 1043 spatio
888 960 1362 1043 intervalloque
1401 958 1733 1025 discretas.
1787 957 2232 1023 Macedoniam
2265 959 2572 1041 [quoque]
2602 978 2713 1039 po—

360 1049 494 1115 tius
523 1049 890 1131 respiceret,
920 1070 1114 1133 quam
1143 1048 1386 1113 Bactra
1415 1052 1482 1111 et
1515 1046 1713 1112 Indos
1752 1047 2126 1112 intueretur.
2191 1045 2463 1131 Ingrata
2501 1045 2714 1109 oratio
2755 1068 2823 1119 14
2872 1065 2883 1087 ·’

361 1137 504 1222 regi
566 1137 708 1201 fuit.
809 1135 1066 1222 Itaque,
1130 1141 1204 1201 ut
1265 1136 1460 1201 finem
1538 1135 1795 1237 dicendi·
1842 1134 2021 1218 fecit,
2080 1132 2203 1198 ‘Et
2257 1132 2429 1221 ego’,
2484 1133 2716 1219 inquit,

358 1224 733 1310 pecuniam
797 1247 993 1310 quam
1053 1225 1331 1307 gloriam
1395 1225 1685 1302 mallem,
1743 1225 1799 1289 si
1854 1222 2197 1289 Parmenio
2254 1244 2489 1287 essem:
2544 1244 2716 1287 nunc
2870 1298 2875 1315 .

362 1312 734 1379 Alexander
779 1314 858 1378 de
905 1316 1292 1398 paupertate
1339 1334 1599 1378 securus
1647 1333 1791 1377 sum
1836 1314 1903 1376 et
1957 1334 2058 1376 me
2114 1333 2245 1376 non
2290 1314 2717 1376 mercatorem
2872 1316 2887 1387 ’1

362 1403 630 1467 memini
676 1424 836 1488 esse,
883 1403 995 1469 sed
1040 1422 1279 1487 regem.
1370 1402 1553 1468 Nihil
1601 1401 1860 1486 quidem
1904 1401 2115 1465 habeo
2152 1401 2398 1484 venale,
2438 1399 2553 1465 sed
2588 1400 2719 1463 for·
2759 1425 2825 1474 15
2884 1392 2889 1410 ⁵

361 1496 595 1555 tunam
640 1513 855 1556 meam
900 1492 1128 1576 utique
1174 1513 1313 1556 non
1359 1491 1597 1556 vendo:
1644 1491 1937 1573 captivos
1987 1490 2042 1553 si
2087 1490 2304 1573 placet
2348 1489 2557 1571 reddi,
2603 1489 2718 1553 ho·
2867 1487 2869 1491 ’

2758 1692 2823 1741 16
2858 1710 2887 1765 κ,

363 1581 612 1651 nestius
660 1579 828 1644 dono
877 1579 1204 1663 dabimuS,
1261 1602 1455 1664 quam
1512 1579 1723 1663 pretio
1779 1577 2230 1643 remittemus?
2322 1576 2719 1643 Introductis

362 1668 595 1733 deinde
639 1669 880 1754 legatis
929 1669 1010 1733 ad
1046 1668 1219 1733 hunc
1255 1669 1515 1733 modum
1553 1667 1917 1751 respondit:
1966 1665 2303 1733 eNuntiate
2340 1666 2557 1731 Dareo
2596 1688 2719 1750 me,

363 1780 530 1841 quae
577 1756 840 1822 fecerim
887 1757 1238 1823 clementer
1276 1760 1350 1822 ‚et
1393 1757 1779 1841 liberaliter,
1832 1777 1966 1820 non
2024 1756 2353 1820 amicitiae
2410 1757 2547 1820 eius
2604 1754 2716 1819 tri-

363 1846 613 1931 buisse,
678 1846 789 1911 sed
853 1850 1128 1911 naturae
1193 1867 1392 1911 meae.
1482 1845 1741 1910 Bellum
1796 1866 1943 1910 cum
2000 1845 2278 1928 captivis
2338 1848 2403 1907 et
2456 1844 2717 1908 feminis
2758 1870 2823 1919 17

365 1954 590 2019 gerere
637 1957 769 2000 non
817 1936 1026 1999 soleo:
1073 1938 1364 1999 armatus
1413 1934 1500 2000 sit
1548 1936 1831 2018 oportet,
1879 1955 2069 2018 quem
2118 1934 2381 1999 oderim.
2472 1931 2719 2007 Quodsi
2758 1966 2825 2015 18
2886 2013 2894 2019 ..

363 2024 598 2089 saltem
635 2046 861 2108 pacem
902 2024 1076 2088 bona
1111 2024 1238 2088 fide
1273 2026 1543 2108 peteret,
1580 2023 2004 2088 deliberarem
2041 2020 2339 2099 forsitan,
2368 2044 2452 2086 an
2480 2022 2721 2085 darem.
2794 1980 2946 2172 vj

365 2111 609 2177 Verum
657 2114 1002 2197 enimvero,
1049 2134 1196 2177 011111
1245 2112 1437 2177 1110ᾶο
1486 2112 1727 2176 milites
1775 2133 1955 2176 meos
2000 2111 2239 2175 litteris
2279 2111 2360 2175 ad
2404 2110 2717 2195 proditio·

361 2222 541 2282 nem,
596 2201 788 2266 modo
837 2202 1082 2266 amicos
1129 2202 1208 2265 ad
1267 2200 1623 2285 perniciem
1670 2220 1879 2265 meam
1935 2200 2213 2284 pecunia
2259 2199 2592 2283 sollicitet,
2639 2204 2721 2263 ad

364 2290 871 2357 internecionem
918 2288 1080 2354 mihi
1120 2290 1604 2374 persequendus
1641 2293 1761 2376 est,
1796 2312 1932 2355 non
1969 2293 2043 2354 ut
2078 2290 2291 2354 iustus
2328 2288 2561 2371 hostiS,
2606 2287 2720 2353 sed

364 2384 442 2444 ut
483 2401 826 2462 percussor
871 2379 1212 2445 veneficus.
1305 2379 1736 2452 Condiciones
1784 2400 1933 2444 vero
1980 2380 2179 2464 pacis,
2223 2401 2385 2464 quas
2432 2377 2718 2462 adfertis,
2759 2413 2824 2462 19

365 2467 426 2531 si
473 2490 796 2552 acceperO,
841 2468 1154 2534 victorem
1193 2489 1340 2533 eum
1379 2469 1643 2533 faciunt.
1718 2468 1895 2544 Quae
1934 2472 2088 2552 post
2122 2467 2510 2552 Euphraten
2549 2469 2719 2548 sunt,

365 2557 722 2623 liberaliter
769 2558 986 2622 donat.
1077 2556 1208 2622 Ubi
1254 2559 1460 2641 igitur
1506 2579 1611 2622 mc
1659 2556 1933 2641 adeatis,
1993 2558 2183 2622 obliti
2240 2557 2423 2621 estis:
2482 2577 2719 2638 nempe

365 2647 540 2710 ultra
565 2645 948 2729 Euphraten
985 2663 1145 2710 sum.
1210 2645 1774 2711 Liberalissimum
1812 2665 1967 2730 ergo
2006 2646 2196 2728 dotis,
2225 2667 2419 2730 quam
2446 2645 2721 2728 promit-

365 2735 470 2817 tit,
496 2736 845 2799 terminum
875 2738 1094 2800 castra
1124 2755 1266 2799 mea
1293 2739 1658 2799 transeunt.
1731 2731 1905 2798 Hinc
1932 2754 2035 2796 me
2066 2733 2385 2817 depellite,
2412 2736 2487 2796 ut
2516 2733 2718 2797 sciam

365 2827 654 2888 vestrum
701 2845 864 2904 esse,
912 2845 1038 2906 quo
1087 2823 1335 2888 ceditis,
1411 2822 1664 2888 Eadem
1699 2822 2095 2887 liberalitate
2143 2822 2257 2887 dat
2303 2820 2465 2886 mihi
2512 2820 2719 2884 filiam

2757 2768 2828 2818 20

439 3054 523 3105 11.
563 3055 790 3118 antea,
828 3049 1038 3105 sehon
1073 3049 1338 3118 frfiher,
1364 3049 1488 3107 hin-

366 3120 615 3182 1701εοοᾱ
671 3121 772 3177 auf
821 3126 874 3176 et
925 3137 1078 3181 nunc
1131 3126 1163 3186 ἓ
1205 3123 1288 3176 12.
1361 3119 1490 3176 Von

365 3191 580 3249 diesem
617 3192 881 3250 fn‘iheren
916 3191 1228 3262 Ratschlag
1273 3191 1490 3261 spricht

347 3261 426 3318 .C.
464 3280 569 3316 nur
607 3263 754 3330 hier,
805 3263 964 3321 nicht
1007 3264 1153 3318 oben
1206 3268 1254 3316 1.
1292 3269 1352 3330 4,
1401 3279 1488 3317 wo

367 3349 426 3388 es
463 3349 557 3386 am
591 3334 786 3390 Platze
832 3351 967 3390 war.
1014 3365 1083 3374 —
1131 3334 1313 3402 apud
1349 3333 1487 3388 Da-

366 3421 681 3472 mascum,
727 3405 843 3474 vgl.
881 3405 999 3460 Liv.
1039 3411 1127 3460 21.
1165 3409 1250 3460 541
1291 3411 1322 3460 2
1361 3421 1489 3474 cap-

365 3476 471 3528 tivi
506 3493 543 3529 a
588 3475 821 3530 consule.
897 3475 1162 3530 Offenbar
1215 3475 1341 3530 sind
1397 3475 1489 3529 die

367 3545 566 3600 Worte
606 3547 766 3601 nicht
809 3546 916 3600 mit
960 3549 1203 3602 redderet
1249 3564 1319 3600 zu
1360 3561 1491 3604 ‘ver—

365 3615 592 3672 binden.
679 3615 813 3671 Man
864 3616 944 3674 ist
995 3619 1286 3686 vei-sucht,
1342 3616 1490 3671 nach

366 3689 584 3742 vincti
639 3687 732 3742 ein
769 3689 937 3745 Wort
989 3689 1096 3744 wie
1150 3693 1248 3744 tot
1305 3687 1488 3743 0111011-

367 3757 648 3815 schieben.

442 3870 524 3920 13.
553 3881 746 3934 quam
771 3865 1182 3925 ὀπτανείων-ξ
1209 3851 1361 3921 Uber
1381 3866 1491 3922 den

367 3933 568 3990 Modus
613 3953 656 3990 s.
695 3937 758 3991 Ε.
801 3943 920 3991 140.

442 4029 524 4082 14.
566 4041 747 4080 nunc
789 4025 1202 4114 Alexander,
1252 4026 1490 4095 gdech.-

369 4095 476 4148 νῦν
515 4093 579 4149 δε
606 4091 964 4166 Ἀλέξανδρος
991 4117 1088 4153 ων.
1128 4097 1257 4168 vgl.
1279 4103 1329 4150 8.
1351 4101 1400 4150 8.
1426 4101 1491 4150 19

369 4182 518 4220 nunc
556 4166 830 4240 Olynthia.

447 4259 550 4314 ‚1,5.
601 4257 835 4325 utique
906 4273 1062 4325 non,
1134 4257 1202 4310 in
1268 4255 1494 4325 jedem

1594 3049 1791 3106 Falle
1844 3049 2065 3115 nicht,

1596 3138 1883 3191 900110-
1922 3122 2093 3176 dono
2129 3119 2205 3174 ist
2239 3117 2427 3186 Datim
2464 3118 2721 3188 dagegen

1591 3194 1791 3320 ῗζξίέεο,
1828 3193 1879 3247 d.
1917 3192 1954 3246 i.
1994 3208 2211 3261 gegen
2256 3190 2560 3260 Entgelt‚
2601 3187 2721 3244 Ab·

1672 3357 1755 3407 16.
1794 3352 2137 3407 tribuisse.
2176 3339 2504 3406 Ubersetzez
2535 3347 2723 3404 hierin

1597 3423 2015 3480 willfahren.
2104 3421 2266 3478 Auch
2330 3421 2523 3476 Cicero
2594 3423 2722 3490 sagt

1596 3495 1815 3564 aliquid
1876 3495 2211 3564 valetudini,
2266 3493 2723 3549 commendationi

1597 3567 1835 3620 tribuere
1870 3583 1924 3619 11.
1964 3565 2079 3636 dgl.

1672 3657 1757 3708 18.
1794 3653 2113 3719 forsitan.
2184 3639 2337 3707 Uber
2374 3653 2485 3708 den
2520 3651 2721 3707 Modus

1599 3743 1641 3778 s.
1680 3724 1741 3778 E.
1785 3728 1903 3780 108.
1953 3755 2021 3764 —-
2072 3725 2321 3780 milites
2359 3767 2415 3779 ..
2457 3725 2721 3779 amicos.

1598 3794 1933 3921 {ul-IGSache
1987 3814 2029 3852 s.
2071 3800 2155 3852 10.
2197 3801 2264 3851 16
2319 3794 2435 3849 und
2489 3795 2633 3853 oben
2669 3799 2719 3849 3.

2117 3048 2337 3104 starker
2380 3047 2468 3102 als
2514 3062 2617 3116 neq
2616 3063 2719 3100 aa·

1676 3979 1758 4028 19.
1815 3973 2404 4029 Liberalissimum
2461 3972 2514 4027 d.
2552 3971 2589 4024 i.
2630 3969 2721 4026 die

1602 4061 1663 4098 so
1720 4042 1963 4098 uberans
2027 4043 2304 4112 freigebig
2364 4043 2723 4112 festgesetzte

1603 4115 1840 4182 Grenze3
1888 4114 2149 4170 ironisch.
2195 4143 2264 4152 —
2311 4129 2435 4183 quo
2481 4115 2723 4168 ceditis

1602 4186 1655 4240 d.
1693 4187 1730 4242 i.
1768 4202 1885 4240 was
1920 4183 2013 4239 ihr
2048 4184 2309 4239 abtreten
2354 4185 2538 4253 wollt3
2586 4184 2717 4238 ahu-

1601 4256 1719 4312 lich
1754 4257 1878 4311 Liv.
1916 4261 2001 4310 24.
2042 4261 2090 4310 6.
2128 4259 2178 4309 8.
2254 4253 2309 4312 S.
2348 4257 2494 4310 auch
2532 4262 2563 4322 ἐξ
2599 4262 2649 4312 5.
