3069 4749
425 172 513 239 92
681 183 686 197 ’
1329 178 1394 240 Q.
1434 177 1652 229 cmm
1684 176 1860 227 aum

425 358 572 403 rare
617 336 818 419 iubet,
860 337 1000 420 ipse
1049 336 1319 418 adesset,
1356 358 1438 401 an
1457 335 1950 429 ‚praefectorum
1988 336 2223 421 aliquis
2263 334 2543 421 speeiem
2577 359 2763 421 prae-

321 438 388 486 18
426 427 674 492 buisset
715 426 1004 491 universi
1047 424 1364 490 venientis
1412 425 1747 490 exercitus.
1820 422 1947 489 Sed
1993 447 2138 490 cum
2186 428 2623 509 speculatores
2668 448 2765 491 re-

425 518 848 597 verterentur,
893 516 1121 601 procul
1165 514 1398 599 ingens
1445 513 1793 579 multitudo
1840 518 2185 599 conspecta
2230 519 2345 580 est.
2417 514 2612 601 Ignes
2660 517 2763 583 de-

430 604 579 669 inde
625 604 784 669 totis
831 604 1078 687 campis
1132 604 1470 668 conlucere
1526 606 1879 686 coeperunt
1933 602 2276 687 omniaque
2331 604 2509 669 velut
2565 606 2770 670 conti·

429 692 610 759 nenti
654 691 950 757 incendio
999 691 1221 757 ardere
1277 692 1448 775 visa,
1501 713 1649 756 cum
1702 690 2035 757 incondita
2088 692 2438 758 multitudo
2492 694 2771 768 maxime

323 795 390 844 19
428 784 696 865 propter
739 780 1032 847 iumenta
1077 782 1286 845 laxius
1331 779 1642 846 tenderet.
1730 778 1959 864 Itaque
2019 802 2095 845 eo
2148 782 2291 863 ipso
2347 780 2491 847 loco
2538 782 2782 865 metari·

430 892 580 935 suos
642 873 858 934 castra
916 870 1198 934 iusserat
1208 888 1242 951 ,·
1284 871 1524 945 laetae,
1586 869 1759 954 quod
1818 870 1993 933 omni
2056 872 2413 953 expetierat
2471 873 2625 935 voto
2634 920 2653 953 ,
2697 872 2769 935 in

321 972 390 1022 2ο
430 958 560 1023 illis
589 958 1006 1041 potissimum
1044 959 1362 1042 angustiis
1403 958 1873 1023 decernendum
1908 957 2066 1023 fore.
2130 956 2449 1042 Ceterum,
2484 962 2559 1023 ut
2597 958 2772 1025 solet

427 1046 586 1126 fieri,
633 1068 779 1111 cum
823 1046 1036 1112 ultimi
1074 1047 1464 1113 discriminis
1500 1051 1761 1131 tempus
1800 1046 2126 1131 adventat,
2160 1048 2233 1111 in
2268 1048 2769 1113 sollicitudinem

323 1170 330 1177 -
428 1157 620 1201 versa
663 1136 898 1200 fidu-cia
945 1141 1064 1221 est.
1149 1134 1344 1201 Illam
1387 1136 1600 1220 ipsam
1644 1136 2005 1219 fortunam,
2060 1158 2189 1221 qua
2242 1135 2614 1220 adspirante
2666 1159 2771 1203 res

429 1228 566 1288 tam
612 1246 920 1307 prospere
967 1228 1277 1309 gesserat,
1319 1224 1667 1290 verebatur
1710 1246 1827 1290 nec
1870 1225 2113 1289 iniuria
2156 1246 2235 1296 ex
2279 1224 2403 1308 his,
2448 1247 2613 1310 quae
2656 1227 2770 1291 tri-

431 1312 684 1378 buisset
727 1313 871 1395 sibi,
917 1336 1112 1397 quam
1157 1314 1493 1379 mutabilis
1543 1317 1734 1398 esset,
1776 1315 2147 1398 reputabat:
2192 1336 2389 1378 unam
2435 1336 2771 1399 superesse

327 1415 394 1464 21
434 1404 722 1483 noctem,
782 1422 946 1486 quae
1004 1401 1173 1467 tanti
1236 1402 1626 1468 discriminis
1688 1406 2051 1467 moraretur
2112 1406 2429 1467 eventum.
2518 1402 2771 1467 Rursus

434 1491 838 1573 occurrebat,
891 1492 1142 1556 maiora
1198 1491 1500 1576 periculis
1556 1490 1843 1576 praemia
1898 1494 1989 1574 et,
2048 1492 2216 1556 sicut
2258 1491 2526 1555 dubium
2584 1495 2779 1574 esset,

435 1601 522 1645 an
548 1579 856 1663 vinceret,
883 1580 980 1644 ita
1005 1580 1168 1645 illud
1200 1580 1424 1664 utique
1461 1584 1706 1645 certum
1746 1601 1906 1662 esse,
1940 1580 2215 1645 honeste
2250 1584 2317 1645 et
2352 1600 2497 1645 cum
2533 1600 2777 1664 magna

325 1682 394 1731 22
437 1667 646 1733 laude-
669 1668 1077 1735 moriturum.
1165 1668 1392 1754 Itaque
1441 1689 1712 1754 corpora
1757 1668 2000 1735 milites
2044 1690 2269 1734 curare
2313 1668 2506 1733 iussit
2549 1690 2625 1733 ac
2669 1668 2774 1732 de-

435 1757 586 1821 inde
631 1758 830 1821 tertia
875 1758 1106 1843 vigilia
1147 1758 1500 1823 instructos
1548 1762 1614 1822 et
1660 1762 1949 1823 armatos
1996 1778 2155 1823 esse.
2225 1755 2377 1842 Ipse
2428 1758 2497 1821 in
2550 1758 2777 1841 iugum

431 1844 590 1911 editi
652 1845 891 1910 montis
957 1847 1248 1912 escendit
1299 1846 1653 1932 multisque
1707 1845 2199 1912 conlucentibus
2254 1844 2507 1910 facibus
2560 1845 2776 1930 patrio

331 1950 401 1999 23
438 1956 619 1999 more
666 1934 1051 1999 sacrificium
1111 1935 1208 2000 dis
1263 1935 1673 2019 praesidibus
1728 1934 1857 2001 loci
1911 1935 2084 2002 fecit.
2170 1933 2439 2019 Iamque
2492 1934 2779 2016 tertium,

438 2024 610 2089 sicut
655 2027 1073 2108 praeceptum
1121 2028 1285 2107 erat,
1345 2024 1607 2109 signum
1666 2025 1827 2088 tuba
1883 2023 2070 2090 miles
2130 2026 2491 2107 acceperat,
2555 2023 2777 2087 itineri

323 2165 331 2177 .
439 2112 629 2177 simul
691 2116 960 2196 paratus
1021 2134 1096 2177 ac
1148 2113 1426 2197 proelio:
1485 2118 1871 2197 strenueque
1924 2112 2086 2177 iussi
2138 2112 2483 2196 procedere
2528 2112 2776 2177 oriente

438 2201 580 2266 luce
652 2206 1084 2284 pervenerunt
1157 2202 1238 2267 ad
1313 2202 1676 2285 angustias,
1740 2222 1901 2286 quas
1967 2221 2281 2283 occupare
2343 2200 2775 2265 decreverant.

327 2306 399 2355 24
433 2288 720 2355 Dareum
764 2308 910 2355 xxx
953 2290 1102 2354 inde
1154 2289 1369 2355 stadia
1423 2290 1655 2355 abesse
1714 2288 2054 2373 praemissi
2110 2288 2501 2353 indicabant.

2592 2288 2775 2365 Tunc

433 2379 791 2444 consistere
839 2400 1073 2464 agmen
1117 2378 1299 2444 iubet
1341 2379 1670 2462 armisque
1715 2379 1857 2460 ipse
1914 2379 2189 2461 sumptis
2246 2379 2451 2442 aciem
2496 2378 2771 2443 ordinat.

607 2467 824 2534 Dareo
855 2469 1200 2533 adventum
1235 2467 1524 2534 hostium
1547 2465 1781 2552 'pavidi
1818 2471 2107 2548 agrestes
2137 2466 2619 2531 nuntiaverunt
2662 2467 2770 2530 vix
2791 2461 2884 2526 22

322 2573 390 2624 25
429 2557 716 2622 credenti
761 2578 1090 2622 occurrere
1137 2557 1360 2640 etiam,
1406 2577 1571 2641 quos
1617 2560 1691 2620 ut
1733 2555 2063 2642 fugientes
2110 2555 2517 2641 sequebatur.
2590 2555 2770 2640 Ergo

429 2786 534 2840 ter
565 2784 688 2839 ihm
722 2783 835 2854 lag,
873 2801 936 2838 so
972 2786 1076 2840 hat
1111 2785 1298 2840 weder
1332 2785 1547 2840 mmti-

427 2873 547 2911 mas
582 2856 727 2911 noch
757 2857 1087 2924 praemissos
1122 2856 1353 2911 rechten
1383 2856 1545 2923 Sinn;

429 2928 631 2983 zudem
695 2926 844 2982 fehlt
904 2929 968 2982 in
1030 2927 1090 2982 in
1145 2927 1253 2982 den
1310 2926 1545 2982 Hdschr.

433 2997 612 3053 Sollte
653 2997 710 3052 Ο.
737 2998 898 3053 nicht
932 2996 1297 3068 geschrieben
1331 2997 1545 3054 haben=

365 3103 372 3110 -
431 3071 618 3137 itaque
642 3084 780 3138 spec.
807 3071 1250 3138 maritima-3739.
1270 3075 1548 3138 praeter

430 3139 636 3195 Isson
661 3140 1019 3208 explorare
1044 3138 1267 3194 iubet?
1307 3139 1420 3194 Der
1437 3140 1547 3196 fol-

432 3211 614 3280 gende
650 3211 916 3280 Fragsatz
943 3211 1134 3266 warde
1162 3211 1310 3264 daun
1347 3226 1549 3279 epexe-

431 3281 652 3352 getisch
677 3299 745 3335 zu
771 3280 960 3336 fassen
988 3281 1120 3336 sein.
1177 3280 1306 3350 Vgl.
1326 3286 1549 3350 praeter

431 3350 765 3418 Armeniam,
789 3359 840 3406 4.
879 3358 929 3406 9.
971 3356 1053 3408 14.

510 3427 592 3478 18.
630 3425 724 3479 sed
759 3439 896 3479 cum.
935 3422 1066 3476 Man
1093 3421 1350 3478 vermifst
1383 3423 1549 3478 einen

433 3493 657 3549 Beisatz
685 3493 791 3548 wie
820 3494 1152 3549 commodum
1180 3495 1395 3563 (eben,
1432 3510 1549 3564 ge-

433 3564 593 3620 rade
649 3564 772 3634 als).
857 3565 1205 3634 Zusagender
1257 3570 1407 3620 ware
1455 3566 1551 3620 sed

433 3640 742 3704 amquam.

508 3713 592 3762 19.
631 3722 701 3762 eo
735 3707 882 3776 ipso
917 3708 1084 3772 loco,
1121 3723 1208 3762 wo
1246 3723 1307 3762 er
1342 3707 1550 3778 gerade

435 3776 556 3833 sich
592 3777 815 3833 befand.
888 3778 1053 3832 Nach
1087 3776 1291 3833 Ari-ian
1334 3796 1454 3834 war
1487 3793 1549 3834 es

432 3851 492 3904 in
530 3849 630 3905 der
663 3849 824 3904 Nahe
859 3865 970 3904 von
1005 3849 1378 3918 Myriandros.

506 3927 592 3978 20.
647 3922 1052 3990 adspirante
1103 3921 1210 3974 wie
1265 3928 1315 3977 4.
1357 3926 1439 3974 14.
1482 3925 1547 3976 19

431 3993 670 4058 felicitas
717 3993 1009 4060 adspirare
1049 3993 1280 4048 videtur.
1355 3991 1551 4047 Dieser

434 4063 591 4119 bildl.
614 4059 908 4118 Gebra‘uch
931 4064 983 4119 d.
1002 4063 1092 4119 W.
1113 4064 1288 4118 sehon
1313 4063 1552 4132 bezeugt

433 4135 506 4188 ad
542 4133 782 4189 Herenn.
820 4140 871 4188 4.
901 4139 986 4190 45.
1023 4165 1084 4174 —-
1113 4151 1305 4204 qaam
1339 4139 1551 4189 muta-

437 4204 600 4259 bilis
624 4206 702 4259 im
733 4204 1002 4260 Hinblick
1039 4205 1140 4258 auf
1173 4206 1273 4260 das
1303 4205 1414 4259 Los
1453 4206 1551 4260 der

434 4288 547 4328 von
571 4276 690 4329 ihm
718 4277 1004 4346 besiegten
1033 4275 1255 4331 Feinde.
1277 4307 1344 4318 --
1366 4293 1552 4331 even-

435 4349 595 4413 tum,
630 4345 752 4401 hier
779 4348 938 4404 nicht
973 4351 1090 4404 der
1123 4347 1391 4419 Erfolg,
1429 4366 1549 4404 son-

1652 2783 1791 2838 dern
1815 2784 1937 2838 das
1954 2781 2310 2852 Erfolgen‚
2338 2783 2454 2837 der
2471 2781 2775 2838 Eintritt

1652 2856 1734 2910 im
1754 2853 2065 2925 Gegensatz
2096 2873 2220 2908 zum
2248 2852 2629 2908 Bevorstehen
2650 2856 2775 2924 (im-

1651 2928 1891 2994 minere).
1964 2925 2279 2980 Discrimen
2321 2925 2401 2980 ist
2445 2925 2539 2980 bei
2590 2925 2650 2982 C.
2688 2925 2773 2981 oft

1694 2997 1931 3052 eradezu
1966 3015 2009 3051 s.
2038 3015 2089 3051 v.
2118 3013 2169 3051 a.
2207 2996 2299 3051 die
2336 2995 2769 3052 entscheidende

1696 3068 1937 3152 chlacht.
2010 3067 2139 3137 vgl.
2179 3073 2263 3122 11.
2302 3073 2370 3138 25
2414 3068 2647 3134 somma
2684 3067 2770 3122 di-

1652 3154 1945 3194 aerumma.

1726 3232 1813 3281 21.
1841 3227 2239 3282 occurrebat
2263 3225 2433 3282 naml.
2453 3226 2518 3280 ei.
2547 3224 2771 3280 Ebenso

1654 3298 1763 3352 mit
1796 3301 1925 3354 Ace.
1966 3313 2012 3355 c.
2050 3297 2154 3350 Inf.
2194 3295 2305 3352 Cic.
2343 3316 2397 3369 p.
2425 3295 2547 3350 Mil.
2577 3301 2661 3352 25.
2701 3325 2769 3336 -·

1654 3371 1952 3424 vinceret
1998 3369 2090 3422 fiir
2124 3369 2371 3424 victurus
2407 3373 2538 3422 esset
2571 3383 2772 3436 wegen

1656 3440 1754 3495 des
1789 3440 1850 3494 in
1886 3441 2114 3496 dubium
2159 3438 2456 3508 liegenden
2499 3438 2772 3493 'Futurbe-

1656 3510 1861 3582 griffes.
1915 3499 2066 3634 UEber
2102 3511 2202 3565 das
2238 3509 2592 3566 adversative
2628 3511 2771 3566 sicut

1658 3625 1671 3636 .
1702 3624 1714 3637 .
1754 3584 1839 3636 ita
1875 3600 1916 3637 s.
2007 3625 2019 3636 .
2062 3586 2181 3635 141.
2540 3583 2547 3590 '

1728 3676 1811 3725 22.
1850 3673 2245 3733 instructos,
2274 3670 2485 3726 hier==
2508 3667 2775 3738 kampf-

1655 3740 1882 3797 bereit
1926 3740 2031 3796 wie
2068 3746 2117 3795 4.
2158 3747 2208 3795 9.
2248 3747 2280 3796 6
2316 3741 2586 3798 instructo
2621 3757 2773 3796 επεν-

1656 3813 2193 3939 ἓίιξὲιηειέεἷῧνηιαιρ.
2212 3809 2457 3868 Ahnlich
2474 3815 2779 3867 instructus

1728 3977 1815 4026 23.
1853 3973 2138 4039 oriente,
2164 3972 2273 4028 wie
2312 3976 2439 4026 orta
2473 3972 2591 4025 luce
2616 3967 2774 4025 Caes.

1656 4045 1709 4100 b.
1739 4042 1805 4098 G.
1834 4049 1883 4100 5.
1915 4049 1964 4100 8.
2002 4043 2161 4100 Alex.
2188 4059 2294 4111 zog
2323 4040 2531 4097 wieder
2566 4039 2776 4094 zurt'ick

1656 4134 1725 4171 zu
1772 4115 1882 4170 den
1927 4116 2137 4170 bereits
2180 4112 2494 4184 passierten
2544 4111 2775 4166 Strand·

1655 4191 1857 4256 passeri
1894 4190 1947 4256 (ξ
1996 4189 2101 4256 13).

1730 4281 1816 4332 24.
1854 4275 2132 4330 ordinat
2168 4299 2235 4320 ==
2272 4273 2532 4340 instruit,
2577 4271 2777 4326 consti-

1658 4348 1784 4402 tuit.
1824 4347 1898 4401 So
1934 4347 2078 4400 auch
2116 4345 2258 4415 Nep.
2294 4363 2350 4398 u.
2386 4342 2509 4398 Liv.
