3069 4749
850 87 1368 146 HISTORIARUM
1401 86 1838 144 ALEXANDRI
1874 87 2049 158 vnn,
2091 93 2137 143 1.

2552 37 2701 154 167-

324 255 506 323 Caeli
559 254 908 338 temperies
963 251 1270 333 salubris,
1331 249 1573 334 quippe
1630 254 1698 314 et
1742 250 1877 314 vim
1922 250 2079 315 solis
2136 250 2403 315 umbrae
2454 252 2674 316 levant
2711 270 2777 320 11

324 349 390 410 et
435 364 638 428 aquae
683 344 867 426 large
917 343 1188 405 manant
1235 360 1268 403 e
1314 337 1625 403 fontibus.
1719 335 2025 405 Ceterum
2076 339 2185 404 hic
2240 361 2495 423 quoque
2543 361 2671 403 ser·
2712 361 2777 408 12

322 433 617 518 pentium
671 451 910 516 magna
953 430 1062 494 ·vis
1121 431 1260 494 erat
1319 427 1606 510 squamis
1662 425 1991 512 fulgorem
2042 427 2185 492 auri
2237 427 2673 492 reddentibus,

325 521 526 586 Virus
571 519 742 584 haud
779 519 988 584 ullum
1025 517 1236 601 magis
1279 515 1548 582 noxium
1590 519 1714 580 est:
1764 515 2000 599 quippe
2037 537 2326 582 morsum
2364 538 2673 599 praesens

325 630 513 674 mors.
565 608 984 692 sequebatur,
1047 606 1251 670 donec
1317 604 1399 668 ab
1475 603 1709 669 incolis
1773 604 2127 669 remedium
2194 605 2491 670 oblatum
2558 609 2675 670 est.

323 697 497 762 Hinc
549 719 666 780 per
721 697 979 764 deserta
1032 697 1299 759 ventum
1341 695 1444 758 est
1497 691 1581 757 ad
1634 692 1877 756 flumen
1923 691 2289 776 Hyarotim.
2376 693 2679 758 Iunctum
2719 715 2781 763 13

326 789 468 850 erat
520 785 770 850 flumini
821 805 1074 865 nemus,
1140 803 1416 865 opacum
1471 779 1815 846 arboribus
1872 781 2031 848 alibi
2084 782 2437 848 invisitatis
2496 803 2677 867 agre-

328 875 654 957 stiumque
707 893 1042 956 pavonum
1088 869 1502 935 multitudine
1555 869 1877 954 frequens.
1971 867 2223 934 Castris
2276 870 2426 934 inde
2481 871 2677 936 motis
2719 891 2785 942 14

325 962 633 1045 oppidum
715 960 889 1024 haud
967 959 1195 1043 procul
1275 959 1567 1042 positum
1641 979 1879 1024 corona
1959 958 2135 1042 capit
2214 958 2677 1044 obsidibusque

214 1138 228 1145 ἱ
326 1051 606 1133 acceptis
656 1049 1051 1133 stipendium
1095 1046 1373 1130 inponit.

501 1138 608 1225 Ad
659 1158 967 1223 magnam
1023 1135 1276 1218 deinde,
1341 1138 1416 1200 ut
1467 1135 1539 1198 in
1594 1156 1671 1199 ea
1724 1136 2019 1220 regione,
2080 1135 2309 1200 urbem
2364 1137 2679 1220 pervenit,

327 1248 462 1291 non
507 1248 692 1292 muro
755 1226 993 1309 solum,
1049 1224 1161 1290 sed
1206 1224 1406 1289 etiam
1460 1223 1698 1306 palude
1743 1223 2084 1292 munitam.
2178 1221 2484 1289 Ceterum
2532 1225 2677 1294 bar-

325 1315 470 1380 bari
506 1313 821 1380 vehiculis
855 1315 1028 1380 inter
1065 1334 1134 1378 se
1181 1312 1423 1378 iunctis
1461 1311 1833 1379 dimicaturi
1869 1316 2309 1378 occurrerunt:
2355 1313 2492 1377 tela
2530 1314 2678 1381 aliis

323 1404 578 1486 hastae,
626 1403 774 1468 aliis
813 1425 1068 1468 secures
1117 1406 1305 1466 erant
1349 1401 1929 1484 transiliebantque
1972 1400 2044 1466 in
2080 1401 2378 1466 vehicula
2416 1406 2677 1467 strenuo

323 1493 524 1575 saltu,
571 1513 716 1556 cum
765 1513 1132 1557 succurrere
1177 1489 1627 1554 laborantibus
1675 1490 1809 1556 suis
1845 1489 2105 1554 vellent.
2178 1488 2279 1554 Ac
2321 1490 2535 1574 primo
2584 1491 2679 1554 in·

322 1579 591 1644 solitum
637 1600 844 1662 genus
881 1599 1141 1664 pugnae
1175 1577 1568 1643 Macedonas
1604 1577 1866 1660 terruit,
1913 1599 2058 1642 cum
2093 1578 2345 1642 >eminus
2383 1579 2677 1643 vulnera-

322 1671 565 1735 rentur.
637 1666 885 1731 Deinde
921 1671 1140 1750 spreto
1177 1671 1317 1732 tam
1353 1666 1683 1730 incondito
1722 1666 1967 1731 auxilio
2016 1667 2099 1732 ab
2146 1669 2424 1750 utroque
2469 1667 2677 1732 latere

320 1755 636 1820 vehiculis
676 1755 1050 1821 circumfusi
1085 1759 1522 1839 repugnantes
1558 1753 1781 1820 fodere
1820 1758 2188 1839 coeperunt.
2260 1754 2350 1820 Et
2396 1755 2675 1839 vincula,

323 1843 468 1927 quis
517 1847 815 1908 conserta
860 1848 1068 1926 erant,
1115 1844 1306 1908 iussit
1349 1842 1581 1926 incidi,
1632 1865 1759 1927 quo
1796 1842 2053 1909 facilius
2100 1843 2361 1928 singula
2409 1845 2674 1909 circum-

322 1932 717 1998 venirentur.
813 1931 1046 2016 Itaque
1100 1951 1226 1996 v111
1281 1931 1549 1996 milibus
1604 1953 1870 1996 suorum
1926 1931 2184 1999 amissis
2238 1933 2310 1997 in
2365 1932 2677 2017 oppidum

323 2020 719 2105 refugerunt.

823 2020 1094 2086 Postero
1161 2021 1262 2086 die
1327 2020 1522 2084 scalis
1586 2018 1868 2104 undique
1922 2019 2207 2086 admotis
2264 2021 2434 2085 muri
2495 2043 2675 2086 occu-

319 2113 582 2192 pantur.
654 2108 885 2174 Paucis
921 2109 1275 2194 pernicitas
1313 2108 1514 2174 saluti
1558 2107 1711 2192 fuit,
1760 2108 1871 2191 qui
1908 2110 2169 2192 cognito
2207 2108 2385 2174 urbis
2426 2110 2675 2176 excidio

319 2196 625 2280 paludem
688 2201 1108 2263 transnavere
1171 2203 1230 2262 et
1289 2198 1358 2260 in
1421 2196 1637 2263 vicina
1697 2196 1939 2280 oppida
1999 2199 2332 2283 ingentem
2398 2199 2677 2263 intulere

318 2289 663 2369 terrorem,
727 2286 1044 2352 invictum
1099 2286 1454 2352 exercitum
1519 2290 1588 2350 et
1651 2285 1915 2350 deorum
1978 2286 2273 2368 profecto
2340 2286 2676 2352 advenisse

318 2380 769 2441 memorantes.

319 2554 372 2603 6.
409 2555 460 2603 5.
501 2555 568 2607 14
603 2551 749 2605 velut
783 2568 850 2605 ex
885 2551 1005 2605 alia
1039 2550 1228 2605 radice
1261 2550 1442 2605 virent

319 2620 524 2673 trunci.

395 2694 478 2743 11.
515 2691 689 2745 caeli
732 2690 1103 2758 temperie&
1129 2690 1259 2755 ,wie
1299 2697 1351 2745 4.
1392 2696 1458 2758 7.,

324 2766 407 2827 17,
445 2763 596 2830 poet.
633 2778 688 2815 u.
726 2760 941 2819 nachcl.
981 2760 1072 2814 fiir
1107 2762 1444 2829 tmperabiO,

315 2836 532 2885 natura
558 2832 710 2886 caeli.
735 2862 801 2869 —
823 2831 1074 2900 levant,
1109 2831 1216 2885 wie
1243 2830 1446 2900 juqum

320 2902 464 2956 levat
501 2906 681 2955 aestus
720 2907 768 2955 5.
807 2907 857 2957 4.
895 2907 946 2957 9.
1391 2931 1396 2933 ⁷

397 2978 480 3026 12.
529 2972 988 3028 reddentibus.
1071 2970 1175 3025 Die
1231 2970 1440 3027 Phra-se

318 3058 407 3097 res
441 3043 624 3097 reddit
657 3058 769 3097 rem
799 3068 866 3096 .-.-ι
904 3048 982 3097 est
1017 3043 1213 3098 similis
1248 3044 1331 3097 rei
1365 3042 1442 3097 ist

315 3114 612 3239 ἒοίὺίἒοὶιῖ
628 3114 744 3239 u151d
789 3114 1266 3239 gitatehclasts’isehr
1303 3112 1439 3196 abn-

363 3201 394 3241 e
517 3226 532 3241 .
617 3226 629 3239 .
759 3202 787 3239 s
881 3200 1442 3253 weeaespeceem

315 3256 680 3312 reddentibus.
758 3256 942 3311 Ueber
976 3256 1088 3311 den
1119 3272 1188 3309 zu
1223 3272 1438 3325 serpen-

315 3328 454 3381 tium
480 3346 550 3381 zu
575 3326 960 3382 beziehenden
987 3326 1096 3381 abl.
1127 3326 1276 3394 qual.
1303 3327 1433 3394 (abl.

315 3396 554 3465 absol.?)
599 3415 640 3453 s.
687 3397 834 3453 Einl.
887 3402 918 3462 ξ
966 3402 1034 3451 30
1082 3413 1135 3463 e3
1195 3402 1226 3463 ὅ
1274 3402 1342 3451 36
1389 3413 1438 3452 e.

317 3496 384 3506 —
429 3468 612 3523 haud
655 3470 893 3534 ullum,
950 3466 1306 3536 emphatisch
1349 3467 1440 3521 fn'ir

313 3538 558 3603 nullum,
593 3556 636 3593 s.
663 3538 807 3594 Einl.
847 3544 878 3604 ξ
906 3544 994 3593 23.
1023 3568 1092 3579 -·-
1112 3554 1439 3607 praesens

315 3622 487 3661 mors
504 3632 574 3653 ===
599 3607 1141 3679 ‘augenblicklicher
1169 3608 1336 3678 Tod’‚
1373 3626 1436 3664 so

306 3692 568 3746 praesens
584 3695 934 3735 venenuma
956 3679 1436 3750 ‘augenblicklich

313 3748 628 3803 wirkendes
667 3748 828 3807 Gift'.

388 3824 472 3874 13.
499 3820 889 3890 Hyarotim,
919 3820 1116 3877 altind.
1146 3822 1433 3889 lavati,

305 3888 455 3959 jetzt
480 3890 655 3946 Iroti
691 3890 828 3946 oder
853 3893 1066 3959 Πανὶ,
1103 3890 1198 3947 bei
1233 3892 1437 3948 Arrian

417 3960 597 4017 cisirt:
627 3956 964 4033 Ὑδραώτης.
998 3992 1069 4005 --
1104 3964 1434 4033 frequens.

353 4049 386 4087 o
423 4038 572 4088 terra
607 4034 744 4087 vicis
778 4034 1030 4103 frequens
1057 4040 1119 4092 ’3.
1161 4041 1207 4089 1.
1250 4040 1344 4103 11;
1383 4040 1432 4089 5.

311 4108 362 4157 4.
410 4109 460 4158 6.
543 4104 674 4174 Vgl.
721 4105 869 4159 auch
910 4106 1162 4175 frequens
1212 4106 1318 4160 illa
1359 4108 1438 4161 est

311 4174 617 4299 szgztgque
663 4180 812 4232 terra
857 4175 1114 4243 calabrie,
1161 4176 1264 4231 Ov.
1301 4176 1435 4231 met.

1626 2554 1709 2603 14.
1730 2548 2073 2617 oppidum,
2100 2550 2477 2605 vermuthlich
2496 2549 2675 2605 Pim-

1550 2636 1785 2743 ΡἫ
1836 2619 1927 2744 ³¹13
1968 2618 2174 2745 {ris
2223 2620 2337 2745 ἐξῆ
2368 2622 2677 2748 aar&

1550 2707 1657 2745 nac
1786 2708 1943 2746 rr..
2056 2730 2157 2745 ..
2274 2710 2350 2760 g.
2442 2708 2553 2747 10.
2662 2736 2675 2746 .

1552 2766 1638 2815 91.
1678 2790 1745 2801 --
1782 2766 1856 2815 ut
1890 2762 1965 2815 in
2000 2778 2114 2816 rea
2147 2764 2435 2831 regione.
2508 2763 2675 2819 Diese

1550 2830 1927 2901 Brachylogie
1970 2832 2159 2887 haben
2196 2834 2344 2887 auch
2388 2834 2479 2889 die
2518 2834 2675 2889 Clas·

1552 2902 1703 2957 siker
1756 2902 2073 2969 mehrfach3
2135 2904 2423 2959 dieselben
2476 2904 2674 2959 Worte

1549 2973 1651 3027 hat
1688 2972 1807 3027 Liv.
1850 2978 1896 3028 1.
1937 2979 2023 3029 57.
2057 2979 2103 3028 1.
2171 2973 2223 3029 S.
2264 2993 2331 3028 zu
2368 2981 2417 3029 3.
2456 2982 2505 3029 2.
2543 2983 2574 3031 6
2611 2982 2676 3029 ut

1548 3044 1693 3097 inter
1754 3044 1886 3098 illas
1946 3050 2142 3114 qentes.
2200 3076 2267 3084 —
2328 3048 2549 3101 urbem
2604 3072 2673 3092 ==

1550 3112 1856 3185 Sangala
1903 3113 1983 3169 im
2036 3115 2229 3170 Lande
2284 3116 2384 3170 der
2438 3116 2675 3173 Cathaei

1552 3186 1700 3239 nach
1736 3186 1857 3241 Arr.
1899 3203 1949 3240 a.
1986 3204 2039 3241 a.
2080 3186 2140 3242 Ο.

1622 3261 1707 3312 15.
1744 3257 2080 3311 vehiculis
2122 3259 2227 3313 etc.
2268 3275 2312 3313 s.
2348 3276 2402 3315 v.
2442 3276 2491 3315 a.
2529 3260 2672 3314 vehi—

1548 3328 1689 3381 culis
1723 3328 1989 3393 vehentes,
2032 3344 2060 3383 e
2094 3329 2291 3397 quibus
2327 3330 2669 3385 dimicarent.

1548 3397 1713 3452 Nach
1742 3398 1943 3453 Arx-ian
1978 3400 2179 3453 hatten
2216 3399 2295 3454 sie
2329 3399 2453 3455 eine
2490 3401 2670 3455 drei-

1546 3469 1711 3523 fache
1744 3469 2110 3539 wagenhurg
2144 3470 2410 3539 gebildet.
2444 3503 2507 3511 -
2538 3473 2672 3527 tela

1548 3564 1617 3585 ==
1658 3538 2173 3609 ‘Angriffswaffen'‚
2209 3541 2322 3611 vgl.
2361 3548 2411 3598 9.
2449 3548 2499 3595 4.
2538 3548 2589 3597 3.

1622 3616 1705 3665 16.
1734 3612 2085 3667 incondito
2112 3614 2409 3679 auoeiZiO,
2443 3611 2667 3667 dieses

1544 3680 1820 3751 plumpe
1856 3680 2205 3751 Manover‚
2244 3684 2443 3737 dessen
2470 3682 2667 3739 Pointe

1543 3751 1625 3805 im
1661 3752 2027 3823 schleunigen
2061 3769 2375 3808 succurrere
2412 3754 2668 3809 laboran-

1544 3823 1718 3889 abus,
1756 3822 1925 3878 somit
1960 3823 2040 3877 im
2077 3824 2365 3879 schnellen
2400 3825 2666 3879 Wechsel

1544 3893 1641 3948 der
1677 3892 2139 3964 Angriffspunkte
2175 3894 2429 3950 hestand.
2459 3924 2529 3935 --
2563 3896 2665 3961 fo-

1543 3964 1695 4019 dere
1734 3965 1825 4019 fiir
1852 3966 2163 4034 perfodere,
2210 3964 2316 4019 wie
2354 3970 2405 4021 4.
2448 3971 2531 4019 15.
2570 3972 2665 4031 313

1620 4110 1703 4163 18.
1777 4108 2044 4175 coynito
2125 4107 2319 4161 urbis
2398 4108 2664 4163 excidio

1544 4174 1699 4231 kann
1723 4175 1803 4231 im
1830 4176 2057 4231 Connex
2083 4195 2190 4231 nur
2216 4177 2461 4231 heissen:
2496 4178 2663 4233 nach-

1544 4247 1674 4301 dem
1719 4246 1801 4301 sie
1846 4248 2087 4304 erkannt
2130 4248 2355 4315 hatten,
2400 4247 2529 4303 dass
2565 4248 2665 4303 der

2719 1247 2784 1296 15

2719 1514 2785 1562 16

2718 1779 2783 1828 17

2714 2043 2781 2092 18
