3069 4749
408 169 537 235 116
1322 171 1385 232 Q.
1426 168 1647 219 curm
1679 167 1855 219 RUFI

334 356 367 404 6
402 334 861 417 pugnaturum.
863 329 885 359 ’
978 327 1141 396 Cum
1185 329 1310 395 hoc
1354 350 1668 414 responso
1727 327 1978 393 dimissi
2023 349 2178 393 suos
2222 349 2485 393 monere
2533 351 2755 414 coepe-

402 425 582 503 runt,
636 422 713 484 ut
756 440 1005 505 regem,
1059 441 1251 504 quem
1298 415 1516 502 Syria,
1573 438 1765 503 quem
1810 416 2136 482 Phoenice
2190 418 2570 503 recepisset,
2626 420 2755 504 ipsi

333 533 365 583 ¹2
405 530 661 593 quoque
706 509 936 573 urbem
979 508 1225 573 intrare
1269 510 1670 591 paterentur.
1759 504 1853 571 At
1894 505 1994 571 1111
2037 507 2182 571 loco
2231 508 2392 571 satis
2438 507 2543 571 fisi
2581 508 2753 573 obsi-

404 597 664 662 dionem
690 598 862 661 ferre
900 596 1340 661 decreverant.
1384 594 1685 680 Namque
1713 595 1940 659 urbem
1978 616 2018 658 a
2054 594 2414 659 continenti
2444 600 2754 680 quattuor
2783 596 2824 662 8

402 686 760 752 stadiorum
806 686 1046 751 fretum
1092 685 1346 755 dividit:
1393 683 1618 749 Africo
1663 683 1944 747 maxime
1992 682 2320 749 obiectum
2365 686 2626 751 crebros
2675 708 2756 751 ex

332 801 365 851 8
405 776 538 841 alto
584 774 817 839 fluctus
864 775 936 838 in
980 773 1136 839 litus
1184 772 1445 839 evolvit.
1516 770 1652 837 Nec
1701 772 2076 855 accipiendo
2124 771 2321 856 operi,
2367 795 2496 858 quo
2542 773 2754 840 Mace-

404 864 605 929 dones
660 862 1019 928 continenti
1072 863 1356 928 insulam
1408 863 1679 947 iungere
1735 863 2086 945 parabant,
2141 862 2485 945 quicquam
2541 864 2752 948 magis

403 974 600 1036 quam
644 952 754 1016 ille
801 954 1031 1017 ventus
1070 952 1393 1016 obstabat.
1446 948 1698 1034 Quippe
1734 950 1846 1015 vix
1889 950 2022 1015 leni
2070 953 2137 1015 et
2179 950 2535 1033 tranquillo
2583 952 2752 1015 mari

402 1042 608 1105 moles
646 1041 753 1125 agi
780 1044 1087 1143 possunt,
1134 1039 1394 1104 Africus
1431 1060 1586 1104 vero
1622 1039 1836 1123 prima
1882 1060 2170 1123 quaeque
2217 1043 2524 1123 congesta
2558 1042 2752 1124 pulsu

400 1128 586 1193 inlisi
632 1130 831 1194 maris
879 1129 1157 1195 subruit.
1208 1149 1332 1193 nec
1376 1128 1513 1192 ulla
1556 1131 1695 1191 tam
1739 1128 1930 1192 firma
1976 1128 2179 1192 moles
2225 1132 2344 1213 est,
2389 1150 2582 1211 quam
2617 1151 2754 1215 non

404 1218 679 1283 exedant
724 1218 933 1283 undae
990 1220 1057 1281 et
1101 1239 1219 1301 per
1261 1238 1465 1282 nexus
1513 1238 1782 1300 operum
1827 1218 2172 1281 manantes
2229 1219 2318 1298 et,
2371 1217 2485 1281 ubi
2543 1217 2754 1282 acrior

332 1332 365 1382 9
401 1306 595 1371 flatus
644 1308 882 1392 existit,
929 1305 1166 1371 summi
1213 1306 1427 1391 operis
1471 1304 1743 1391 fastigio
1793 1305 2188 1389 superfusae.
2270 1303 2538 1369 Praeter
2582 1307 2754 1371 hanc

403 1394 858 1460 difficultatem
894 1395 1072 1460 haud
1109 1394 1323 1458 minor
1361 1394 1493 1459 alia
1531 1397 1697 1458 erat:
1735 1416 1954 1459 muros
1991 1397 2331 1477 turresque
2361 1394 2541 1459 urbis
2567 1416 2750 1479 prae·

404 1484 610 1548 altum
657 1506 837 1549 mare
882 1484 1238 1548 ambiebat:
1282 1504 1418 1547 non
1462 1486 1789 1567 tormenta
1833 1483 1964 1547 nisi
2000 1504 2034 1547 e
2070 1483 2343 1548 navibus
2379 1483 2608 1565 procul
2645 1506 2754 1548 ex·
2807 1520 2814 1529 ·

403 1593 593 1637 cussa
640 1574 833 1657 mitti,
878 1594 1011 1637 non
1058 1573 1269 1637 scalae
1316 1572 1657 1636 moenibus
1705 1571 2018 1656 adplicari
2063 1574 2396 1654 poterant:
2441 1594 2750 1655 praeceps

401 1661 473 1725 in
519 1662 728 1727 salum
774 1683 997 1725 murus
1044 1661 1343 1745 pedestre
1388 1660 1822 1745 interceperat
1864 1660 2014 1726 iter:
2061 1682 2258 1725 naves
2303 1682 2423 1725 nec
2467 1660 2754 1726 habebat

400 1771 517 1815 rex
563 1754 648 1834 et,
696 1750 751 1814 si
796 1750 1210 1833 admovisset,
1253 1749 1613 1833 pendentes
1661 1753 1728 1814 et
1763 1750 2108 1815 instabiles
2146 1749 2508 1815 missilibus
2547 1750 2752 1814 arceri

299 1862 367 1912 10
400 1842 725 1922 poterant.
814 1838 997 1904 Inter
1042 1861 1207 1922 quae
1260 1861 1463 1923 parva
1519 1838 1695 1904 dictu
1741 1860 1844 1904 res
1891 1838 2241 1923 Tyriorum
2297 1838 2599 1903 fiduciam
2649 1861 2751 1905 ac-

402 1928 635 1992 cendit.
708 1925 1351 2012 Carthaginiensium
1394 1928 1601 2013 legati
1647 1928 1728 1993 ad
1773 1927 2230 1993 celebrandum
2269 1950 2525 1993 sacrum
2571 1928 2751 1993 anni-

401 2016 759 2081 versarium
787 2039 967 2081 more
994 2017 1210 2101 patrio
1250 2020 1406 2082 tunc
1439 2020 1777 2081 venerant·
1809 2016 2048 2101 quippe
2083 2014 2550 2101 Carthaginem
2573 2016 2751 2100 Tyrii

297 2130 362 2179 11
402 2106 842 2190 condiderunt,
888 2127 1139 2188 semper
1184 2109 1528 2187 parentum
1574 2106 1718 2169 loco
1765 2104 1940 2168 culti.
2022 2102 2296 2168 Hortari
2343 2126 2498 2189 ergo
2546 2105 2750 2169 Poeni

401 2196 771 2295 coeperunt,
814 2196 891 2257 ut
928 2192 1334 2256 obsidionem
1371 2192 1526 2256 forti
1566 2193 1782 2256 animo
1819 2195 2220 2275 paterentur:
2256 2191 2441 2256 brevi
2479 2191 2747 2257 Cartha·-

401 2283 556 2366 gine
602 2280 842 2345 auxilia
886 2282 1175 2344 ventura.
1248 2278 1548 2363 Namque
1593 2300 1668 2343 ea
1711 2282 2105 2363 tempestate
2153 2300 2392 2363 magna
2439 2302 2518 2343 ex
2560 2285 2751 2364 parte

296 2397 363 2445 12
400 2368 663 2435 Punicis
708 2368 1023 2434 classibus
1072 2366 1277 2431 maria
1313 2366 1798 2433 obsidebantur.
1859 2367 2071 2452 Igitur
2114 2367 2289 2432 bello
2339 2368 2592 2434 decreto
2630 2392 2751 2455 per
2779 2371 2820 2436 9

400 2480 620 2522 muros
657 2461 998 2542 turresque
1034 2458 1363 2520 tormenta
1400 2455 1773 2541 disponunt,
1813 2479 1996 2521 arma
2029 2456 2395 2522 iunioribus
2435 2458 2751 2544 dividunt,

474 2637 523 2686 ’1.
598 2632 1031 2686 decreverant
1098 2630 1333 2685 ‘hatten
1397 2630 1518 2684 sich
1626 2633 1860 2686 summi
1907 2633 2048 2686 statt
2081 2647 2374 2700 summum,
2423 2631 2528 2686 wie
2568 2638 2744 2688 8.10.

399 2700 561 2757 bald
599 2701 771 2756 dahin
809 2701 1105 2772 geeinigt'.
1138 2732 1204 2741 —
1244 2703 1518 2770 evolvit,
1626 2709 1696 2757 31
1734 2718 1976 2758 summae
1979 2704 2300 2801 fastiqinm
2335 2709 2527 2758 terrae.

398 2772 506 2827 wie
526 2771 693 2842 Verg.
724 2771 863 2827 Aen.
896 2780 943 2829 1.
974 2778 1043 2828 86
1078 2778 1261 2828 vastos
1294 2774 1519 2829 volvunt
1699 2780 1749 2830 9.
1790 2781 1940 2830 erat
1979 2774 2121 2830 ‘war
2156 2775 2530 2845 vorhanden',
2569 2775 2748 2830 daher

399 2845 475 2900 ad
511 2846 679 2900 litora
712 2846 928 2914 flnctus.
988 2845 1061 2900 So
1099 2845 1245 2898 auch
1282 2851 1331 2900 3.
1375 2849 1423 2898 1.
1464 2849 1513 2898 5.
1619 2851 1844 2914 praeter
1876 2846 2038 2901 nicht
2064 2845 2357 2916 anstossig.
2390 2879 2457 2887 -
2501 2818 2747 2902 dmbie-

472 2921 523 2972 8.
562 2917 987 2985 accipiendo,
1016 2915 1130 2984 vgl.
1159 2913 1283 2969 Liv.
1304 2921 1392 2970 21.
1410 2919 1461 2970 8.
1482 2921 1515 2969 2
1627 2918 1763 2985 bat,
1805 2935 1866 2972 so
1895 2917 2136 2972 bildlich
2162 2935 2274 2973 von
2301 2918 2478 2974 s‘achl.
2509 2917 2747 3000 Subjelr-

398 2988 496 3042 viae
558 2989 957 3055 accipientibus
1010 2986 1143 3041 locis
1195 3002 1379 3056 opera.
1446 3017 1514 3026 -—
1624 2990 1723 3042 ten
1753 2988 1927 3043 sehon
1954 2987 2048 3043 bei
2075 2989 2197 3044 Liv.
2221 3019 2285 3028 ——
2308 3005 2637 3057 praeceps
2671 2990 2748 3042 in

398 3059 597 3112 moles
650 3060 781 3126 ayi.
864 3059 961 3127 aqi
1002 3058 1042 3112 t.
1090 3059 1131 3111 t.
1178 3074 1307 3112 vom
1354 3056 1517 3112 Aui-
1623 3061 1855 3114 salum.
1928 3057 2034 3113 Die
2073 3074 2249 3128 ganzo
2289 3059 2463 3112 Stelle
2498 3059 2576 3112 ist
2610 3074 2746 3126 poe-

399 3128 645 3182 ft'ihren
682 3127 833 3182 eines
870 3129 1133 3182 Dammes
1180 3127 1351 3183 sowie
1385 3139 1527 3183 vom
1623 3127 1771 3184 tisch
1811 3129 2064 3197 gesarbt3
2105 3129 2238 3182 die
2222 3146 2308 3181 ms
2340 3129 2493 3181 Meet
2512 3129 2616 3196 jah
2643 3129 2743 3181 ab·

400 3198 691 3253 Treiben
746 3198 902 3254 einer
954 3199 1103 3252 Mine
1162 3199 1872 3267 (miculas).fa11ende
1921 3197 2116 3253 Mauer
2170 3199 2348 3252 hatte
2374 3197 2549 3266 jeden
2597 3197 2744 3268 Weg

399 3268 669 3325 Daneben
703 3272 893 3324 molem
927 3271 1102 3324 iacere
1139 3274 1169 3334 ἓ
1211 3275 1303 3336 16,
1358 3269 1511 3326 Caes.
1626 3271 1888 3340 (pedestre
1931 3271 2060 3336 iter)
2104 3269 2533 3336 abgeschnitten
2580 3267 2632 3323 d.
2683 3267 2739 3322 h.

399 3341 453 3395 b.
494 3357 539 3394 c.
587 3347 637 3396 3.
680 3346 797 3396 112.
846 3372 917 3380 -
960 3341 1183 3410 prima
1224 3356 1516 3409 quaeque
1622 3288 1748 3396 liess
1795 3341 2000 3395 keinen
2043 3340 2227 3394 Raum
2275 3337 2367 3392 fiir
2418 3338 2738 3394 denselben.

400 3427 522 3468 con
531 3416 714 3480 qesta
723 3453 741 3480 ,
780 3412 942 3466 harto
972 3410 1515 3480 substantivierung,
1624 3411 1752 3482 Vgl.
1801 3411 1919 3467 Liv.
1969 3416 2058 3466 25.
2106 3414 2192 3464 39.
2238 3415 2271 3463 2
2327 3411 2502 3464 medio
2545 3410 2743 3465 itinere

400 3498 445 3536 s.
502 3483 565 3536 E.
622 3487 704 3536 16.
780 3483 909 3552 Vgl.
966 3482 1055 3536 die
1118 3454 1517 3537 Livianischen
1623 3485 1932 3552 interceptu.
1999 3512 2066 3522 —-
2125 3482 2492 3550 pendentes
2546 3505 2616 3527 ==
2679 3485 2744 3536 ut

399 3553 652 3618 Phrasen
687 3569 792 3623 per
827 3554 1047 3608 munita
1082 3554 1374 3622 pleraque,
1410 3570 1517 3622 per
1622 3560 1783 3614 erant
1844 3554 2012 3624 pend.
2087 3559 2138 3607 et
2217 3553 2516 3608 instabiles.
2626 3553 2742 3606 Das

398 3624 675 3679 instructa
711 3625 923 3692 omnia,
970 3625 1047 3678 ad
1086 3625 1365 3693 potiunda
1399 3640 1514 3693 spe·
1625 3625 2046 3707 Stchwanken
2099 3623 2199 3679 der
2255 3622 2461 3678 Schiffe
2516 3624 2741 3679 machte

398 3701 531 3750 rata
575 3695 689 3748 und
736 3697 912 3749 unten
956 3699 987 3761 ξ)
1028 3701 1093 3749 12
1141 3696 1261 3750 oelia
1304 3696 1515 3779 qaecoyi-
1623 3695 1750 3751 eine
1805 3696 2099 3750 wirksame
2157 3694 2506 3764 Gegenwehr
2560 3711 2744 3766 gegen

398 3771 536 3822 tata
609 3767 688 3820 Zu
718 3767 959 3835 prima.
982 3771 1286 3838 .con9esta
1320 3765 1397 3821 ist
1428 3768 1515 3821 in·
1624 3766 1716 3820 die
1772 3768 1930 3836 Angr
1929 3765 2023 3820 iffe
2076 3782 2187 3821 von
2239 3767 2340 3820 der
2395 3765 2592 3822 Mauer
2645 3783 2742 3820 un-

400 3838 509 3892 lisa
554 3837 907 3906 Apposition.
955 3867 1023 3878 -
1064 3840 1271 3906 pulsu
1314 3838 1519 3892 inlisi
1621 3784 1930 3906 moglichgr

398 3910 607 3964 maris
662 3909 713 3964 d.
765 3909 820 3962 h.
878 3907 1055 3963 durch
1115 3909 1225 3963 den
1278 3907 1518 3976 Anprall
1700 3913 1783 3962 10.
1857 3909 2038 3963 inter
2091 3925 2283 3978 qnae,
2339 3927 2380 3964 s.
2427 3908 2490 3963 E.
2537 3911 2622 3960 48.
2675 3936 2742 3946 —-

402 3979 500 4034 des
532 3980 792 4049 dagegen
820 3979 1256 4034 anstt'irmenden
1283 3979 1515 4033 Moeres.
1617 3996 1841 4049 parva
1884 3980 2074 4034 dictu
2118 3995 2220 4034 res
2266 3979 2373 4033 wie
2407 3977 2527 4032 Liv.
2566 3982 2615 4032 5.
2653 3981 2741 4032 47.

402 4049 475 4104 So
504 4049 706 4105 immer
735 4050 827 4105 bei
856 4051 911 4105 C.
942 4067 1073 4106 rem
1106 4052 1207 4104 rei
1244 4050 1336 4118 (in
1367 4052 1516 4118 rem)
1628 4057 1678 4106 8.
1702 4082 1768 4091 -
1790 4053 2270 4116 condiderunt,
2297 4049 2432 4104 bald
2451 4049 2597 4102 nach
2618 4052 2738 4101 900.

400 4121 699 4176 inlidere
736 4147 804 4166 =
842 4137 1025 4190 gegen
1070 4123 1244 4175 etwas
1292 4119 1517 4188 stossen,
1630 4124 1908 4178 —cnlti
1945 4148 2014 4168 =
2049 4123 2147 4192 qui
2181 4122 2302 4175 ideo
2337 4120 2668 4174 colebantwr.

403 4191 751 4248 schleudern.
808 4223 880 4232 —
947 4192 1233 4246 exedant
1300 4191 1519 4246 ‘unter-
1702 4198 1786 4247 11.
1835 4209 1908 4248 ea
1943 4195 2332 4262 tempestate
2367 4189 2476 4244 wie
2511 4193 2652 4245 3.1.
2690 4195 2743 4242 2.

401 4261 653 4329 wiihlen,
701 4261 1157 4330 durchwfihlen'‚
1206 4261 1321 4331 vgl.
1370 4268 1417 4316 3.
1467 4268 1515 4318 4.
1702 4268 1785 4320 12.
1833 4279 2055 4318 muros
2089 4269 2440 4330 turresque
2476 4259 2583 4314 wie
2622 4266 2653 4326 5
2682 4265 2744 4328 9·

407 4334 510 4385 10..
539 4361 608 4372 -—
652 4350 864 4388 nemus
902 4360 969 4380 ==
1012 4334 1120 4388 die
1167 4334 1411 4403 Fugen.
1454 4365 1517 4373 —
1627 4351 1744 4404 per
1779 4334 1934 4404 passt
1959 4333 2206 4402 weniger
2233 4351 2303 4386 zu
2339 4339 2518 4387 turres
2555 4331 2639 4386 als
2677 4349 2747 4386 zu
