3069 4749
860 144 1367 203 HISTORIARUM
1406 143 1835 200 ALEXANDRI
1871 144 1941 215 X,
1978 150 2026 199 5.
2482 142 2615 209 233

264 312 511 378 laberis
555 309 880 395 patientia
915 308 1386 395 propemodum
1425 307 1660 393 nimia,
1702 304 2021 373 fortitude
2058 328 2189 371 non
2226 308 2395 372 inter
2430 326 2617 393 reges

265 402 460 467 medo
506 400 826 465 excellens
839 448 854 477 ,
901 398 1018 462 sed
1062 397 1235 462 inter
1279 396 1434 461 illos
1475 416 1753 481 quoque,
1800 416 2076 479 quorum
2112 395 2275 461 haee
2312 396 2453 461 sola
2491 396 2618 461 vir-

265 494 372 555 tus
425 487 580 573 fuit,
633 487 994 553 liberalitas
1051 506 1244 571 saepe
1298 486 1553 550 maiora
1597 484 1976 569 tribuentis,
2035 505 2229 569 quam
2278 507 2317 549 a
2362 483 2462 548 dis
2506 504 2618 569 pe·
2655 492 2727 543 28

265 582 521 662 tuntur,
569 575 914 642 elementia
958 575 1027 639 in
1073 573 1363 639 devictos
1399 608 1485 621 -—
1521 577 1629 640 tot
1671 593 1875 659 regna
1920 576 2035 638 aut
2068 570 2337 657 reddita,
2382 572 2617 658 quibus

267 688 347 733 ea
400 666 772 750 dempserat
829 663 1032 746 belle,
1067 666 1204 728 aut
1260 661 1432 727 dono
1486 662 1671 745 data,
1718 696 1801 709 --
1849 662 2108 745 mortis,
2172 661 2352 727 euius
2406 664 2617 727 metus
2656 670 2729 720 20

267 760 517 821 ceteros
571 753 929 836 exanimat,
989 754 1308 837 perpetua
1363 750 1761 834 contemptio
1770 798 1791 835 ,
1848 750 2097 835 gloriae
2150 750 2491 833 laudisque
2546 753 2621 815 ut

267 840 446 909 iusto⁴
497 842 704 907 maior
751 839 985 924 cupido
996 890 1015 923 ,
1073 840 1170 904 ita
1213 840 1282 903 in
1325 838 1561 904 iuvene
1606 842 1673 903 et
1716 838 1785 902 in
1829 837 2035 904 tantis
2078 858 2199 903 nee
2244 838 2621 903 admiranda

267 933 488 997 rebus:
537 930 670 995 iam
713 930 926 1014 pietas
973 948 1130 1014 erga
1171 932 1501 1012 parentes,
1548 947 1823 1011 quorum
1861 924 2249 1009 Olympiada
2288 926 2620 991 immor-ta·
2658 934 2731 985 30

264 1020 442 1085 litati
513 1038 888 1083 consecrare
963 1015 1365 1095 decreverat,
1436 1014 1818 1099 Philippum
1880 1014 2058 1079 ultus
2126 1018 2292 1099 erat,
2365 1015 2500 1079 iam
2552 1015 2623 1079 in
2658 1024 2726 1075 31

265 1130 494 1174 omnes
536 1106 674 1171 fere
721 1105 966 1170 amieos
1011 1105 1414 1190 benignitas,
1461 1124 1621 1190 erga
1663 1103 1911 1169 milites
1954 1101 2423 1189 benivolentia,
2470 1122 2620 1169 een-

266 1197 484 1261 silium
535 1216 658 1280 par
708 1193 1148 1279 magnitudini
1203 1193 1404 1257 animi
1458 1197 1554 1276 et,
1610 1194 1924 1277 quantam.
1975 1192 2084 1256 vix
2136 1195 2396 1277 poterat
2440 1194 2621 1256 aetas

267 1285 432 1351 eius·
461 1304 714 1368 capere,
769 1282 1092 1349 sollertia:
1151 1282 1286 1347 iam
1339 1281 1569 1346 medus
1626 1280 2119 1347 immodicarum
2175 1280 2623 1365 cupiditatum,
2659 1290 2730 1341 32

264 1373 539 1439 Veneris
594 1372 768 1436 intra
821 1371 1122 1436 naturale
1178 1370 1568 1435 desiderium
1630 1390 1787 1435 usus
1833 1388 1955 1435 nec
1998 1368 2138 1433 ulla
2181 1369 2311 1433 nisi
2358 1390 2435 1433 ex
2480 1390 2622 1453 per·

264 1462 467 1527 misso
505 1460 810 1545 voluptas
840 1495 926 1507 -
959 1460 1262 1543 ingentes
1300 1458 1597 1543 profecto
1636 1457 1823 1524 dotes
1862 1463 2067 1523 erant.
2138 1456 2263 1521 Illa
2290 1456 2617 1524 fortunae:
2659 1468 2733 1518 33

265 1550 366 1615 dis
415 1570 693 1633 aequare
739 1568 807 1613 se
855 1550 923 1611 et
967 1548 1279 1612 caelestes
1319 1547 1600 1613 honores
1640 1566 1966 1611 accersere
2004 1549 2070 1611 et
2104 1546 2267 1611 talia
2304 1546 2626 1611 suadenti-

267 1638 390 1702 bus
459 1636 738 1701 oracuiis
801 1635 1060 1700 credere
1123 1639 1189 1700 et
1255 1634 1757 1721 dedignantibus
1830 1634 2124 1699 venerari
2168 1634 2395 1718 ipsum·
2438 1633 2628 1699 vehe-

269 1725 551 1791 mentius
561 1774 581 1810 ,
627 1745 821 1808 quam
867 1746 990 1809 par
1035 1727 1235 1808 esset,
1279 1724 1501 1808 irasci,
1546 1724 1617 1788 in
1665 1727 2001 1788 externum
2037 1721 2337 1789 habitum
2374 1725 2628 1787 mutare
2673 1787 2684 1797 ,

272 1814 559 1898 corporis
607 1812 883 1896 cultum,
928 1812 1177 1877 imitari
1215 1812 1617 1878 devictarum
1656 1811 1949 1897 gentium
1988 1832 2229 1896 mores,
2276 1832 2437 1896 quos
2474 1812 2627 1875 ante

270 1902 612 1968 victoriam
659 1904 1009 1985 spreverat.
1094 1901 1235 1966 Iam
1279 1900 1685 1966 iracundiam
1731 1903 1799 1966 et
1844 1900 2207 1985 cupidinem
2248 1900 2386 1965 ‘vini
2433 1898 2625 1964 sicuti
2662 1910 2738 1959 34

271 2110 420 2167 dotes
473 2114 661 2177 erant,
718 2109 866 2165 doeh
961 2111 1082 2164 asst
1133 2109 1393 2165 dasselbe

271 2179 434 2236 nieht
469 2179 572 2235 auf
601 2180 714 2235 alle
745 2179 914 2250 Subje
982 2196 1014 2234 e
1050 2180 1110 2235 in
1145 2178 1398 2251 gleicher

269 2250 477 2307 Weise.
534 2282 600 2291 —
658 2252 840 2305 inter
889 2266 1088 2320 reyes.
1175 2248 1397 2310 Ebenso

271 2322 378 2378 frei
413 2326 464 2377 3.
503 2326 536 2377 3
574 2321 722 2377 inter
757 2322 882 2377 deos
919 2322 1120 2378 colunt.

342 2398 428 2448 28.
488 2397 854 2462 petuntur,
919 2393 971 2446 d.
1027 2393 1065 2449 i.
1111 2393 1234 2463 peti
1285 2394 1400 2460 fere

270 2466 471 2530 εοῖοπις
526 2463 686 2519 816111
742 2463 1098 2530 Gesehenke,
1145 2462 1254 2518 1116
1299 2463 1400 2518 der

270 2533 501 2590 Menseh
556 2534 796 2593 6166111·
848 2535 928 2588 im
977 2534 1168 2590 stillen
1214 2534 1400 2590 Gebet

273 2621 388 2660 von
423 2605 532 2660 den
568 2604 806 2659 G6ttern
841 2622 908 2658 zu
945 2605 1190 2660 erbitten
1225 2607 1394 2675 wagt.

276 2707 344 2716 -
399 2679 496 2730 tot
547 2689 756 2744 regna
794 2717 806 2728 .
847 2714 860 2726 .
901 2717 913 2730 .
961 2675 1138 2732 data.
1228 2673 1396 2730 Diese

273 2745 475 2802 Worte
513 2745 640 2800 sind
666 2745 752 2799 als
791 2744 1092 2800 selbstfind.
1121 2745 1253 2800 Satz
1281 2745 1397 2801 ein-

1477 2108 1786 2183 ·Classiker
1840 2109 1939 2164 das
1985 2108 2174 2177 Wort,
2230 2106 2333 2164 ost·
2364 2106 2474 2162 mit
2516 2122 2629 2161 mo-

1503 2181 1681 2235 acatia
1714 2179 2055 2235 verbunden.
2080 2211 2145 2219 —
2176 2178 2487 2245 Veneris,
2522 2177 2629 2233 wie

1506 2258 1555 2307 6.
1589 2256 1637 2306 5.
1668 2256 1764 2319 32,
1800 2251 1952 2321 poet.
1991 2268 2045 2304 u.
2081 2248 2515 2305 naehelassisch.
2559 2278 2627 2289 -

1505 2320 1587 2376 Ζ11
1622 2322 1777 2378 intra
1820 2320 1935 2392 vgl.
1975 2326 2023 2377 7.
2066 2326 2115 2376 1.
2154 2326 2221 2376 25
2270 2321 2427 2374 intra
2465 2320 2633 2376 verba

1501 2407 1759 2476 pec-care,-
1784 2410 1851 2446 zu
1876 2393 2135 2477 numerale
2160 2393 2491 2477 desider-ium
2512 2407 2553 2446 v
2588 2389 2629 2448 1.

1503 2461 1709 2589 13ῑῖηέ
1715 2464 2511 2618 1ἠξὲωἶαιῗόἷιοῧῗιᾞῖᾆῖἶ.
2561 2478 2631 2572 s:

1504 2621 1657 2730 Ξόαὲεε
1666 2621 1797 2730 ege?
1804 2604 2453 2743 agisgroseaeffiffintaffiiv
2456 2619 2632 2730 02⁰1}-

275 2816 594 2942 gesghoba'n
615 2833 742 2940 611ιῆ
737 2815 1114 2940 Eflffigefflg
1134 2816 1234 2870 der
1250 2817 1396 2942 (gerg.

275 2903 340 2942 m
405 2903 518 2941 eme
571 2903 615 2941 s.
741 2903 819 2956 g.
1059 2903 1236 2943 m.zu
1301 2930 1314 2942 .
1381 2929 1394 2940 .

275 2964 373 3025 273
413 2963 462 3012 9.
505 2963 552 3012 ⁷.
594 2962 676 3012 12.

349 3033 434 3084 29.
499 3031 574 3082 ut
633 3028 816 3082 iusto
877 3029 1095 3082 maior
1154 3029 1403 3098 cupido

275 3100 378 3154 ita
426 3101 531 3154 ete.
577 3113 581 3118 ·
616 3096 730 3152 Das
777 3097 1125 3153 Verhfiltniss
1181 3100 1260 3153 ist
1311 3099 1402 3154 ein

276 3167 688 3237 adversatives,
718 3185 760 3222 s.
783 3167 927 3224 Einl.
959 3174 989 3234 ἓ
1019 3176 1086 3224 42
1116 3170 1169 3225 b.
1200 3188 1255 3224 11.
1282 3170 1400 3240 vgl.

274 3239 581 3296 besonders
629 3245 678 3294 9.
717 3243 768 3292 8.
807 3245 878 3294 20
931 3255 1046 3294 non
1100 3244 1164 3295 ut
1210 3242 1404 3311 prima

274 3311 464 3381 speeie,
491 3312 576 3366 ita
599 3315 792 3364 eventu
817 3326 1042 3380 quoque.
1064 3342 1131 3354 --
1150 3311 1225 3364 in
1251 3315 1400 3367 tan·

277 3384 370 3437 tis
401 3399 456 3436 π.
487 3400 538 3437 a.
567 3382 789 3447 rebust,
827 3381 880 3434 d.
914 3381 970 3435 h.
1008 3381 1296 3451 inmitten,
1339 3381 1402 3436 in

278 3450 626 3508 Anbetracht
652 3451 754 3506 der
772 3451 974 3506 Gresse
1003 3448 1184 3506 seiner
1200 3451 1401 3506 Unter-

277 3523 650 3592 nehmungen.
735 3521 810 3578 So
853 3521 1031 3576 findet
1075 3522 1196 3578 sich
1242 3521 1404 3578 nieht

277 3593 459 3647 selten
501 3591 562 3647 in
598 3593 875 3664 Syzygien
909 3592 1158 3648 dieselbe
1193 3593 1304 3648 Pru
1343 3609 1401 3648 o-

278 3663 449 3718 sition
493 3662 554 3717 in
599 3665 773 3718 etwas
828 3662 1254 3719 verschiedener
1345 3679 1402 3720 e-

279 3734 558 3804 deutung,
605 3751 647 3788 s.
699 3733 790 3788 die
827 3733 990 3789 Anm.
1031 3751 1098 3788 zu
1135 3739 1184 3790 7.
1224 3740 1273 3790 9.
1315 3740 1400 3791 18.

351 3809 436 3860 30.
495 3805 628 3859 iam
767 3805 1026 3873 fer-ner,
1079 3806 1186 3860 1116
1233 3809 1264 3872 g
1303 3811 1400 3872 313

278 3881 328 3932 3.
371 3881 456 3930 10.
498 3881 546 3930 7.
583 3892 638 3929 11.
669 3880 719 3930 ὃ.
794 3876 872 3930 Ζ11
907 3877 1054 3931 imm.
1092 3891 1408 3932 consecrare

278 3963 321 4001 s.
362 3953 412 4002 9.
453 3951 502 4000 6.
543 3951 628 4002 26.

351 4023 438 4072 31.
469 4032 718 4086 capere.
749 4017 822 4073 So
843 4021 954 4083 §36
976 4016 1249 4088 qwidquid
1265 4033 1404 4073 mor-

277 4088 472 4144 talitas
498 4089 789 4158 capiebam
827 4095 874 4143 ’1.
905 4093 955 4144 8.
980 4094 1048 4143 10
1073 4090 1405 4158 sapientiam

279 4172 472 4228 capere
499 4183 568 4204 ει-
595 4174 850 4229 capacem
885 4173 995 4214 esee
1028 4159 1352 4228 sapientiae.

351 4235 436 4284 32.
493 4230 748 4298 modus,
800 4246 842 4283 s.
888 4247 942 4284 v.
989 4245 1040 4284 a.
1087 4229 1403 4285 moderatio.

281 4300 347 4352 In
385 4299 598 4355 diesem
625 4297 798 4355 Sinne
824 4299 1110 4356 brauchen
1135 4300 1283 4354 auch
1309 4299 1404 4355 die

1505 2745 1621 2800 Der
1656 2745 2061 2801 Schriftsteller
2094 2745 2217 2800 will
2252 2761 2425 2816 sagen
2438 2788 2453 2815 ,
2500 2745 2631 2800 dass

1503 2816 1662 2873 Alex.
1708 2817 1801 2870 nie
1844 2817 1947 2872 auf
1987 2817 2098 2872 den
2132 2817 2347 2886 Abweg
2380 2816 2481 2870 des
2516 2816 2633 2870 Un-

1503 2887 1862 2942 natfirliehen
1897 2887 2172 2958 gei-athen
2206 2887 2305 2944 sei.
2345 2917 2411 2926 —-
2448 2887 2636 2942 dotes

1511 2983 1581 3004 ==
1616 2959 1924 3026 facultates.
1991 2958 2119 3028 Vgl.
2157 2962 2208 3012 3.
2239 2963 2287 3012 6.
2322 2963 2387 3011 19
2424 2958 2508 3012 vel
2541 2957 2632 3012 in-

1507 3030 1662 3099 qem‘i
1696 3030 1916 3084 dotibus
1950 3029 2033 3084 vel
2068 3029 2249 3084 animi
2282 3029 2515 3084 mibue.

1582 3105 1668 3154 33.
1686 3101 1848 3155 Illa.
1868 3098 2267 3156 Adversatives
2278 3098 2633 3168 Asyndeten3

1507 3171 1613 3226 illa
1638 3171 1781 3240 geht
1806 3170 1910 3225 auf
1931 3168 2022 3225 die
2049 3169 2129 3224 im
2155 3169 2483 3240 Folgenden
2510 3169 2633 3223 auf-

1507 3241 1833 3312 geffihrten,
1871 3241 2013 3296 aller
2047 3240 2204 3294 Welt
2236 3240 2633 3295 bekannten

1505 3311 1623 3366 und
1686 3312 1789 3367 oft
1839 3311 2358 3380 besprochenen
2410 3310 2631 3366 Fehler.

1509 3381 1615 3437 Die
1640 3381 1946 3452 folgenden
1970 3381 2252 3437 Infinitive
2288 3382 2475 3437 haben
2500 3381 2636 3436 kein

1507 3452 1862 3508 bestimmten
1918 3451 2157 3524 Subjekt
2172 3493 2187 3522 ,
2246 3452 2484 3510 sondern
2537 3452 2633 3506 be·

1509 3523 1777 3579 zeiehnen
1820 3523 1913 3578 die
1956 3523 2173 3581 betreff.
2210 3523 2415 3578 Fehler
2459 3522 2633 3606 allge-

1507 3594 1677 3650 mein.
1733 3625 1801 3636 —
1850 3595 2193 3662 fortunae.
2286 3595 2452 3649 81661
2508 3593 2635 3647 sind

1508 3665 1613 3720 auf
1624 3663 1939 3736 Reehnung
1962 3665 2146 3720 seiner
2169 3664 2355 3720 hohen
2377 3663 2637 3734 Stellung

1507 3735 1625 3790 und
1670 3735 1771 3790 der
1816 3735 2035 3790 seltnen
2070 3735 2255 3790 Gunst
2290 3735 2387 3790 des
2424 3735 2635 3790 Glfleks

1510 3823 1582 3860 zu
1626 3807 1842 3876 setzen,
1898 3806 1989 3862 die
2042 3806 2163 3860 ihm
2208 3823 2276 3860 zu
2323 3805 2488 3861 Theil
2533 3821 2629 3876 ge-

1511 3877 1740 3932 worden
1784 3891 1917 3932 war.
1964 3907 2031 3916 ——
2079 3877 2633 3948 dediqnantibus.

1511 3947 1644 4018 Vgl.
1682 3954 1733 4004 3.
1774 3953 1839 4003 11
1886 3963 2001 4003 non
2054 3947 2385 4018 dediffatus
2432 3947 2632 4002 tollere.

1514 4049 1581 4058 --—
1620 4020 1694 4073 in
1726 4024 1847 4076 ext.
1884 4019 2204 4074 habitum.
2274 4017 2553 4074 Aehnlieh
2582 4023 2631 4071 6.

1513 4095 1563 4144 2.
1603 4093 1635 4142 2
1672 4091 1738 4145 in
1774 4089 2079 4157 exaoeapsa
2112 4101 2341 4158 morem;
2386 4095 2434 4144 9.
2474 4093 2522 4143 3.
2567 4094 2635 4143 10

1511 4161 1577 4214 in
1612 4165 1717 4214 ext.
1756 4161 2197 4229 amanen-avim
2224 4161 2447 4216 cultum.
2502 4159 2631 4230 Vgl.

1511 4229 1775 4300 fibi-igens
1812 4237 1861 4286 3.
1892 4237 1943 4286 6.
1974 4235 2041 4284 19
2080 4230 2263 4286 cultus
2294 4231 2631 4300 habitusque.

1582 4306 1669 4357 34.
1728 4301 1877 4358 Iam
1921 4327 1989 4349 —
2036 4300 2263 4358 fei-ner
2316 4301 2424 4358 wie
2470 4306 2501 4368 ἓ
2544 4307 2632 4357 30.
