3069 4749
879 91 1397 199 ‘HISTORIARUM
1434 138 1866 195 ALEXANDRI
1903 140 1997 207 VI,
2036 146 2086 195 9.
2582 140 2667 205 37

314 308 555 377 Subest
606 307 918 372 nimirum
976 303 1238 369 silentio
1299 302 1551 367 facinus
1609 305 1674 365 et
1729 302 1919 366 avida
1983 323 2130 384 spes
2188 303 2372 387 regni
2425 304 2672 387 praeei—
2712 324 2775 371 11

312 400 518 484 pitem
556 396 847 461 animum
879 394 960 460 ad
997 393 1300 457 ultimum
1328 391 1511 455 nefas
1550 390 1807 473 inpulit.
1870 390 2068 455 Pater
2095 388 2350 457 Mediae
2386 397 2671 475 praeest:

314 490 455 572 ipse
498 485 691 569 ‚apud
764 482 1007 548 multos
1075 480 1409 564 copiarum
1472 480 1665 545 duces
1735 480 1898 544 meis
1971 482 2364 563 praepotens
2426 482 2672 547 viribus

314 576 595 658 maiora,
641 595 838 657 quam
885 572 1082 653 capit,
1128 570 1357 653 spirat.
1448 567 1714 633 Orbitas
1765 590 2020 652 quoque
2076 589 2249 651 mea,
2308 570 2479 653 quod
2535 572 2674 635 sine
2713 590 2779 637 12

314 666 539 731 liberis
597 684 767 745 sum,
822 659 1168 744 spernitur.
1270 656 1398 723 Sed
1444 659 1620 723 errat
1661 655 1977 723 Phflotas.
2057 655 2136 721 In
2183 658 2368 723 vobis
2415 659 2679 743 liberos,

317 756 651 838 parentes,
714 748 1228 833 consanguineos
1282 746 1522 811 habeo:
1587 746 1772 811 vobis
1829 745 2030 811 salvis
2097 745 2292 811 orbus
2349 768 2492 813 esse
2543 770 2675 813 non

212 846 301 909 34
316 862 583 926 possum
593 839 633 903 ³.
721 838 1095 921 Epistolam
1159 834 1389 901 deinde
1446 835 1900 901 Parmenionis
1957 835 2416 919 interceptam,
2480 858 2675 922 quam
2715 856 2780 903 13

321 930 404 995 ad
456 929 628 993 filios
681 925 1073 991 Nicanorem
1120 928 1188 989 et
1233 922 1544 989 Philotan
1591 924 1971 1007 scripserat,
2024 924 2259 989 recitat
2302 924 2476 990 haud
2521 948 2676 991 sane

318 1018 625 1084 indicium
672 1014 992 1101 gravioris
1030 1013 1287 1078 consilii
1332 1013 1826 1096 praeferentem.
1898 1010 2198 1097 Namque
2238 1035 2490 1079 summa
2537 1016 2674 1079 eius
2717 1032 2783 1081 14

314 1109 475 1173 haec
541 1110 709 1170 erat:
794 1103 1111 1168 ‘Primum
1176 1102 1377 1167 vestri
1442 1123 1662 1167 curam
1718 1103 1921 1186 agite,
1986 1101 2216 1167 deinde
2281 1106 2672 1169 vestrorum:

320 1198 417 1261 sic
462 1196 665 1278 enim,
713 1213 875 1277 quae
923 1190 1416 1269 destinavimus,
1463 1188 1859 1257 efficiemus'.

318 1307 461 1351 esse
500 1283 834 1367 scriptam,
879 1284 979 1367 ut,
1026 1281 1163 1347 sive
1210 1279 1292 1344 ad
1336 1280 1513 1345 filios
1560 1281 1987 1364 pervenisset,
2044 1304 2083 1345 a
2127 1281 2404 1345 consciis
2449 1288 2674 1365 posset

316 1372 646 1457 intellegi,
718 1370 855 1435 sive
918 1371 1282 1453 intercepta
1350 1373 1548 1455 esset,
1610 1368 1870 1435 falleret
1930 1368 2215 1453 ignaros.

315 1461 647 1547 Dymnus,
707 1482 853 1525 cum
909 1463 1155 1525 ceteros
1218 1459 1572 1543 participes
1627 1458 1890 1523 sceleris
1953 1458 2298 1542 indicaret,
2361 1458 2675 1526 Philotan

315 1573 448 1617 non
490 1550 884 1616 nominavit!
973 1548 1117 1614 Hoc
1172 1549 1434 1632 quidem
1486 1548 1666 1611 illius
1720 1569 1854 1613 non
1905 1547 2340 1631 innocentiae,
2397 1549 2510 1613 sed
2563 1571 2674 1632 po-

316 1641 563 1705 tentiae
609 1639 919 1705 indicium
966 1643 1093 1720 est,
1136 1638 1316 1721 'quod
1362 1639 1457 1701 sic
1502 1637 1585 1701 ab
1632 1637 1712 1701 iis
1759 1637 2026 1701 timetur
2073 1636 2294 1719 etiam,
2355 1659 2394 1701 a
2441 1637 2674 1722 quibus

318 1730 509 1815 prodi
562 1730 809 1812 potest,
864 1732 964 1810 ut,
1018 1749 1166 1791 cum
1222 1727 1301 1791 de
1356 1747 1425 1790 se
1487 1725 1847 1807 fateantur,
1901 1723 2091 1791 illum
2158 1730 2380 1791 tamen
2445 1726 2674 1791 celent.

322 1817 625 1884 Ceterum
660 1816 971 1883 Philotan
1016 1815 1221 1899 ipsius
1268 1814 1513 1880 indicat
1560 1813 1712 1879 vita.
1786 1813 1913 1879 Hic
1947 1816 2302 1898 Amyntae,
2349 1816 2461 1899 qui
2505 1814 2669 1880 mihi
2708 1832 2774 1881 17

396 1984 477 2031 11.
525 1978 752 2031 subest
797 1974 901 2029 wie
950 1982 999 2028 5.
1048 1980 1095 2028 9.
1148 1980 1205 2037 93
1256 1979 1336 2029 10.
1391 1978 1438 2026 2.

319 2055 405 2103 20.
430 2080 497 2087 —-
526 2049 803 2115 facinus
833 2048 1001 2115 (auch
1034 2051 1081 2099 7.
1110 2050 1170 2098 11
1193 2063 1247 2098 u.
1270 2044 1441 2098 efters

320 2120 417 2173 bei
480 2117 797 2172 Classikern
865 2116 1009 2171 ohne
1075 2116 1291 2170 Beisatz
1363 2115 1443 2168 im

322 2190 495 2245 fiblen
541 2188 729 2261 Sinne)
773 2187 854 2242 ist
897 2188 1044 2256 hier,
1101 2186 1207 2241 wie
1252 2186 1443 2253 scelus,

322 2266 373 2317 8.
420 2266 479 2327 3,
539 2258 1147 2315 verbrecherische
1202 2256 1440 2311 Gesin-

322 2328 1445 2470 3335&ssaess&2553352'2355112333

320 2475 779 2544 praecipitem.
845 2473 973 2540 Vgl.
1008 2477 1057 2525 8.
1102 2479 1147 2527 1.
1187 2477 1256 2526 35
1286 2487 1447 2540 prae-

326 2547 523 2615 cipitia
566 2546 807 2614 ingenia.
850 2573 917 2584 —-
952 2545 1100 2612 ipse
1136 2585 1149 2599 .
1191 2585 1204 2597 .
1247 2559 1447 2611 prae·

318 2622 577 2685 potens.
642 2614 808 2669 Diese
844 2615 905 2669 in
940 2614 1319 2684 sprachlicher
1344 2614 1448 2668 Be-

328 2687 569 2756 ziehung
622 2687 826 2740 hechst
880 2683 1291 2740 bedenklichen
1335 2684 1450 2739 und

327 2757 793 2812 wahrscheinlich
864 2756 1195 2811 verderbten
1254 2755 1450 2810 Worte

326 2830 553 2885 konnen
606 2829 777 2882 kaurn
834 2829 1012 2882 etwas
1067 2827 1300 2882 anderes
1358 2827 1453 2880 be·

327 2901 533 2954 deuten
577 2900 691 2954 alu.-
748 2915 818 2953 er
869 2896 1091 2952 selbst
1136 2897 1454 2966 (Philotas),

327 2972 447 3025 der
474 2971 585 3026 bei
610 2968 1168 3026 vielenFfihrern
1194 2969 1456 3022 meiner

329 3043 644 3110 Truppen
668 3042 848 3096 noch
875 3039 1457 3095 einflussreicher

326 3115 427 3168 ist
471 3112 569 3167 als
615 3113 728 3166 ich
776 3112 1000 3166 selbst
1046 3112 1281 3178 (viribus
1324 3112 1456 3164 meis

330 3183 689 3240 Umschreib:
706 3184 799 3237 ffir
823 3189 943 3249 me).
1001 3182 1161 3238 Doch
1184 3181 1263 3236 ist
1288 3197 1451 3250 prae-

324 3261 517 3324 potens
560 3255 776 3309 viribus
820 3254 950 3308 meis
996 3254 1122 3307 eine
1172 3253 1453 3307 durchaus

326 3325 795 3394 ungewbhnliche
869 3325 985 3378 und
1056 3323 1249 3377 kflhne
1313 3321 1455 3378 Con-

332 3397 623 3465 struction,
652 3413 786 3466 mag
810 3411 944 3450 man
970 3395 1184 3449 viribus
1212 3393 1297 3448 als
1324 3394 1454 3449 Da-

330 3467 435 3522 tiv
470 3467 657 3522 fassen
683 3467 797 3522 und
817 3471 1149 3535 praepotens
1174 3465 1265 3520 fiir
1295 3481 1456 3534 prae-

333 3542 513 3602 stans,
541 3553 935 3606 praecwrrem,
964 3537 1297 3604 praecedens
1323 3554 1377 3592 u.
1404 3541 1454 3590 a.

336 3607 545 3660 deuten
572 3608 706 3662 oder
734 3608 817 3663 als
836 3607 1122 3664 Ablativ
1150 3607 1267 3660 der
1292 3607 1457 3662 Ver-

384 3675 737 3747 leichung,
782 3678 971 3733 indem
1016 3695 1147 3733 man
1192 3679 1315 3732 sich
1364 3677 1465 3731 auf

336 3695 802 3804 gonstructionen
834 3749 942 3804 wie
978 3750 1138 3804 aliud
1174 3749 1369 3817 aliqua
1400 3765 1459 3802 re

334 3819 542 3874 beruft.
618 3817 696 3884 (S.
740 3819 853 3874 den
898 3820 1027 3877 krit.
1067 3821 1350 3888 Anhang.)
1392 3849 1457 3860 --

336 3889 521 3944 Ueber
585 3890 677 3944 die
740 3891 1147 3946 einflussreiche
1202 3889 1461 3960 Stellung

334 3962 435 4016 des
463 3961 611 4016 Phil.
644 3961 724 4015 im
750 3961 933 4016 Heere
961 3979 1003 4016 s.
1034 3969 1081 4017 7.
1114 3969 1161 4016 1.
1196 3967 1258 4015 11
1289 3979 1343 4016 u.
1372 3967 1459 4015 27.

335 4033 449 4087 Der
494 4032 793 4088 Ausdruck
839 4035 993 4102 apud
1026 4034 1222 4087 multos
1265 4032 1463 4086 deutet

337 4120 435 4172 an,
473 4104 603 4159 dass
642 4120 768 4157 zum
804 4103 1023 4160 Glflcke
1060 4103 1263 4158 andere
1299 4104 1462 4156 duces

336 4175 539 4229 andere
576 4173 802 4245 gesinnt
837 4174 979 4228 sind.

415 4252 498 4300 12.
538 4246 711 4314 quod
756 4261 797 4300 s.
848 4246 883 4299 1.
920 4260 1076 4299 sum.
1147 4242 1321 4299 Wohl
1354 4259 1462 4297 nur

342 4315 433 4370 ein
488 4316 763 4372 Glossem.
816 4346 882 4356 —
928 4317 1002 4368 in
1049 4315 1249 4368 vobis.
1332 4312 1459 4382 Vgl.

1549 1972 1695 2025 Flor.
1733 1978 1781 2025 2.
1813 1978 1858 2025 6.
1893 1978 1960 2026 33
1998 1974 2072 2027 in
2108 1989 2244 2025 una
2281 1974 2440 2027 urbe
2478 1972 2678 2028 Sicilia

1550 2048 1814 2111 superata
1859 2050 1963 2110 θείς
2029 2041 2162 2097 Sall.
2216 2044 2334 2113 Iug.
2387 2049 2467 2097 14.
2522 2050 2549 2097 1
2605 2045 2680 2098 in

1550 2119 1774 2169 vestra
1820 2115 2136 2169 amicitia
2171 2117 2489 2182 exercitum,
2536 2116 2678 2170 divi·

1551 2187 1689 2252 tiae,
1741 2187 2082 2240 mwnimenta
2129 2187 2287 2255 requi
2337 2202 2418 2241 me
2461 2187 2678 2241 habitu-

1551 2274 1702 2321 rum;
1751 2256 2012 2311 ebendas.
2064 2262 2146 2312 14.
2195 2263 2228 2311 8
2271 2273 2367 2312 vos
2417 2259 2490 2311 in
2542 2274 2680 2312 mea

1552 2329 1828 2384 iniuria
1864 2330 2099 2397 despecti
2134 2329 2287 2384 estis:
2325 2328 2424 2384 Ov.
2461 2329 2596 2386 met.
2625 2335 2673 2385 6.

1556 2405 1660 2454 357
1707 2401 1878 2454 vitam
1922 2401 2178 2455 dederitis
2227 2401 2300 2456 in
2344 2401 2528 2456 unda
2577 2400 2679 2468 (in-

1557 2471 1686 2525 dem
1721 2471 1812 2525 ihr
1847 2471 1954 2525 mir
1991 2471 2156 2527 einen
2203 2471 2451 2526 frischen
2488 2471 2683 2526 'Prunk

1556 2540 1782 2610 bietet);
1840 2542 2026 2608 Quint.
2089 2548 2171 2597 10.
2234 2552 2280 2597 1.
2329 2548 2398 2597 89
2452 2545 2684 2599 multum

1555 2615 1631 2668 in
1701 2630 1770 2668 eo
1831 2615 2129 2668 amisimus.
2233 2614 2337 2668 Die
2404 2613 2685 2670 Classiker

1559 2685 1745 2738 haben
1789 2684 2129 2753 wenigstens
2176 2685 2483 2756 AnalogeS,
2529 2705 2576 2740 z.
2619 2686 2681 2739 Β.

1558 2757 1624 2809 in
1675 2771 1753 2816 ,eo
1823 2755 1939 2822 fuit
2000 2756 2378 2823 praesidium,
2460 2756 2684 2810 libertas

1555 2828 1800 2896 patriae,
1834 2827 2064 2892 fuerunt
2101 2827 2290 2881 omnia
2324 2845 2377 2880 u.
2400 2831 2449 2880 ἒ..
2471 2845 2544 2882 m.
2605 2827 2685 2880 Zu

1562 2896 1924 2967 vergleichen
1987 2896 2066 2950 ist
2113 2895 2378 2964 fibrigens
2435 2897 2535 2950 das
2589 2897 2685 2951 be-

1561 2968 1774 3022 kanuto
1809 2965 1976 3022 Wort
2021 2967 2121 3022 der
2156 2965 2548 3020 Andromache
2588 2966 2686 3020 bei

1562 3039 1728 3093 Hom.
1768 3042 1827 3094 Z.
1865 3043 1988 3103 429,
2039 3038 2142 3092 das
2186 3037 2286 3092 des
2323 3036 2560 3091 Clearch
2593 3037 2688 3091 bei

1563 3110 1700 3164 Xen.
1745 3109 1926 3164 Anah.
1979 3117 2025 3164 1.
2063 3115 2115 3164 3.
2154 3115 2186 3162 6
2235 3107 2351 3162 und
2388 3107 2482 3162 die
2516 3108 2687 3162 Wen-

1563 3181 1719 3249 dung
1751 3181 1846 3235 bei
1883 3179 2017 3234 Sall.
2055 3180 2174 3249 Iug.
2217 3184 2301 3234 14.
2345 3186 2392 3233 1.

1637 3257 1720 3305 13.
1749 3253 2270 3320 praeferentem,
2305 3251 2520 3306 betont.
2575 3249 2690 3304 Der

1563 3321 1722 3376 Brief
1763 3322 2004 3377 enthielt
2047 3321 2320 3376 keinerlei
2364 3321 2688 3376 bestimmte

1563 3393 1906 3464 Andeutung
1931 3410 2085 3462 ρων.
2105 3394 2338 3448 consilii.
2379 3392 2688 3461 Uebrigens

1566 3464 1814 3518 erinnert
1828 3464 2103 3520 -derselbe
2133 3465 2315 3519 seiner
2340 3465 2508 3518 Form
2543 3463 2688 3518 nach

1566 3552 1640 3588 an
1696 3535 1804 3590 den
1861 3537 1960 3590 des
2006 3535 2276 3590 Lentulus
2330 3534 2425 3590 bei
2471 3534 2582 3590 Cic.
2629 3535 2690 3587 in

1567 3605 1730 3661 Catil.
1770 3612 1820 3661 3.
1859 3611 1940 3660 12.

1643 3682 1724 3731 15.
1773 3677 2073 3744 falleret,
2117 3674 2691 3732 unverstandlich

1569 3748 1686 3803 sei.
1743 3748 1860 3802 Ans
1895 3749 2127 3817 epistola
2161 3747 2415 3803 schwebt
2451 3745 2574 3800 hier
2605 3745 2690 3799 als

1570 3816 1810 3888 Subjekt
1852 3836 1956 3875 vor
1992 3821 2250 3888 epistolae
2295 3821 2689 3886 argumentum.

1643 3897 1726 3944 16.
1767 3891 1980 3945 celent
2012 3889 2105 3944 ffir
2139 3890 2520 3959 supprimant,
2565 3887 2691 3941 eub-

1569 3961 1798 4016 trahant
1833 3962 1940 4030 (10.
1981 3967 2040 4029 7;
2077 3964 2148 4031 9).

1645 4038 1726 4087 17.
1766 4031 2110 4103 Amyntae.
2173 4032 2248 4086 Es
2285 4047 2402 4084 war
2438 4029 2558 4084 dies
2593 4027 2694 4082 der

1571 4108 1678 4157 336
1713 4119 1826 4157 von
1861 4104 2019 4158 Alex.
2057 4102 2358 4172 beneitigte
2395 4101 2550 4156 Sohn
2593 4099 2692 4154 des

1567 4173 1869 4228 Perdiccas
1929 4178 2034 4242 (10.
2092 4175 2208 4242 24),
2273 4173 2370 4226 des
2426 4172 2692 4226 alteren

1570 4243 1812 4298 Bruders
1831 4260 1945 4300 von
1958 4243 2203 4312 Philipp.
2253 4241 2516 4297 Offenbar
2533 4243 2692 4296 hatte

1572 4315 1826 4369 derselbe
1887 4314 2304 4383 berechtigtere
2363 4313 2690 4382 Anspn'iche

1951 1190 2336 1275 Adiecitque
2381 1215 2522 1277 rex,
2579 1194 2673 1257 sic
2713 1211 2780 1259 15

2319 1368 2434 1435 ‘At
2497 1370 2670 1435 enim
2711 1388 2778 1436 16
