3069 4749
824 124 1339 181 HISTORIARUM
1375 123 1804 179 ALEXANDRI
1840 124 1988 195 VIII,
2030 131 2076 179 1.

2509 126 2638 191 105

286 294 547 359 iunctae
599 325 688 337 -
746 291 1070 353 armatum
1144 288 1418 353 militem
1482 286 1773 353 condidit
1835 286 2060 370 paucis
2127 288 2642 371 propellentibus

286 402 552 467 pecora,
606 382 681 443 ut
735 376 1152 462 inprovidum
1201 377 1283 441 ad
1328 375 1596 440 insidias
1643 374 1886 459 praeda
1928 375 2324 459 perduceret.
2412 376 2642 463 Itaque
2681 387 2720 437 5

287 466 700 552 inconposito
750 465 1012 550 agmine
1058 464 1422 549 solutisque
1468 462 1808 529 ordinibus
1844 460 2111 529 Attinas
2148 465 2642 548 praedabundus

288 558 711 643 sequebatur:
751 576 942 639 quem
970 556 1527 638 praetergressum
1557 553 1810 636 silvam,
1848 552 1962 636 qui
1996 553 2069 618 in
2095 574 2174 619 ea
2201 555 2643 638 consederant,

291 670 371 713 ex
416 643 755 730 inproviso
814 642 1031 708 adorti
1085 663 1231 707 cum
1285 641 1584 707 omnibus
1628 642 2112 708 interemerunt.
2203 639 2518 709 Celeriter
2565 644 2645 709 ad
2681 654 2718 703 6

292 733 639 801 Craterum
692 730 889 797 huius
944 730 1149 797 cladis
1193 730 1371 795 fama
1412 730 1670 813 perlata
1715 733 1844 812 est,
1897 731 2010 814 qui
2057 752 2204 797 cum
2248 732 2427 797 omni
2473 732 2646 816 equi·

292 826 444 889 tatu
482 818 871 905 supervenit.
942 819 1035 885 Et
1058 817 1473 903 Massagetae
1510 817 1772 903 quidem
1807 817 1940 883 iam
1974 818 2381 904 refugerant:
2415 819 2646 887 Dahae

296 910 483 978 mille
538 908 835 993 oppressi
888 910 1067 990 sunt,
1128 929 1407 993 quorum
1462 906 1644 971 clade
1697 906 1904 973 totius
1956 906 2248 991 regionis
2302 908 2492 973 finita
2544 909 2648 975 de-

296 998 503 1073 fectio
544 1000 660 1063 est.
741 994 1113 1063 Alexander
1156 1016 1415 1081 quoque
1460 992 1808 1081 Sogdianis
1847 1016 2074 1061 rursus
2113 995 2400 1061 subactis
2437 995 2647 1063 Mara·
2686 1008 2720 1058 ’τ

297 1087 502 1155 canda
545 1085 805 1169 repetit.
894 1084 998 1150 Ibi
1040 1083 1305 1169 BerdeS,
1352 1105 1546 1170 quem
1591 1082 1676 1150 ad
1722 1081 2003 1167 Scythas
2051 1105 2246 1167 super
2279 1078 2649 1169 Bosporum

298 1176 588 1243 colentes
642 1174 941 1258 miserat,
995 1194 1142 1239 cum
1195 1172 1435 1259 legatis
1490 1173 1706 1258 gentis
1763 1172 2068 1239 occurrit:
2122 1171 2648 1257 Phrataphernes
2685 1186 2724 1236 8

299 1284 583 1350 quoque,
637 1262 751 1346 qui
806 1259 1210 1327 Chorasmiis
1255 1264 1589 1345 praeerat,
1635 1258 2030 1347 Massagetis
2077 1264 2144 1326 et
2189 1261 2390 1327 Dahis
2435 1263 2652 1347 regio-

294 1374 455 1419 num
501 1351 780 1417 confinio
830 1350 1190 1434 adiunctus,
1234 1350 1522 1433 miserat,
1569 1349 1681 1434 qui
1726 1349 2052 1415 facturum
2097 1350 2416 1434 imperata
2458 1351 2650 1434 polli-

296 1442 610 1507 cerentur.
710 1436 992 1523 Scythae
1044 1439 1383 1523 petebant,
1447 1441 1522 1503 ut
1583 1438 1761 1523 regis
1817 1437 1920 1503 sui
1971 1437 2178 1503 filiam
2231 1439 2648 1505 matrimonio
2687 1454 2724 1503 9

296 1529 425 1595 sibi
461 1529 787 1614 iungeret:
826 1528 884 1593 si
914 1526 1375 1613 dedignaretur
1410 1526 1834 1604 adfinitatem,
1869 1526 2195 1610 principes
2223 1525 2651 1593 Macedonum

298 1639 447 1682 cum
498 1616 893 1700 primoribus
950 1638 1105 1681 suae
1160 1616 1376 1701 gentis
1431 1614 1708 1681 conubio
1768 1615 1941 1679 coire
2003 1618 2366 1699 pateretur:
2436 1616 2650 1700 ipsum

298 1727 558 1790 quoque
602 1723 825 1789 regem
871 1708 1214 1770 venturum
1261 1704 1343 1769 ad
1382 1724 1531 1769 eum
1565 1701 2068 1787 pollicebantur.
2147 1702 2440 1789 Utraque
2475 1704 2652 1790 lega·
2693 1719 2764 1769 10

299 1794 480 1859 tione
536 1792 817 1878 benigne
874 1793 1098 1859 audita
1139 1791 1694 1876 Hephaestionem
1753 1795 1819 1857 et
1862 1789 2265 1857 Artabazum
2311 1792 2652 1877 opperiens

299 1882 545 1948 stativa
590 1880 853 1948 habuit:
900 1882 1135 1966 quibus
1182 1880 1503 1947 adiunctis
1551 1881 1621 1945 in
1664 1880 2028 1965 regionem,
2073 1902 2236 1965 quae
2283 1882 2652 1965 appellatur

301 1967 607 2053 Bazaira,
650 1970 967 2053 pervenit.

477 2057 813 2123 Barbarae
850 2057 1225 2141 opulentiae
1261 2058 1331 2121 in
1364 2057 1501 2122 illis
1540 2056 1704 2122 locis
1731 2055 1902 2123 haud
1933 2057 2070 2122 ulla
2097 2062 2250 2123 sunt
2277 2058 2527 2123 maiora
2555 2058 2652 2123 in-
2692 2074 2757 2123 11

302 2300 464 2357 Satze
499 2299 619 2356 Liv.
658 2307 745 2356 23.
783 2306 868 2357 44.
912 2307 943 2355 ’1
986 2305 1037 2357 et
1070 2306 1201 2355 sunt
1236 2302 1423 2356 omnia

301 2374 484 2443 campi
536 2374 688 2429 eirea
739 2372 971 2440 Nolam,
1037 2378 1122 2429 23.
1184 2380 1229 2427 1.
1289 2379 1320 2428 6
1373 2379 1423 2427 et

290 2445 587 2514 pleraeque
630 2460 795 2500 cavae
838 2449 969 2498 emit
1011 2445 1137 2500 viae
1175 2461 1231 2501 u.
1268 2443 1420 2500 cart.

301 2520 350 2570 8.
394 2521 474 2571 14.
518 2521 546 2570 1
584 2520 637 2570 et
670 2516 756 2570 ita
792 2521 1127 2571 conve-uerat.

374 2591 424 2641 5.
461 2587 959 2642 interemerunt.
1032 2585 1195 2640 Auch
1218 2585 1424 2640 Ari-ian

302 2655 520 2712 erzahlt
543 2672 655 2712 von
680 2656 865 2711 einem
882 2656 1206 2727 derartigen
1218 2656 1423 2712 Ueber-

302 2725 406 2781 fall
424 2728 495 2796 (4.
508 2732 591 2782 16.
606 2728 679 2796 7),
698 2727 833 2782 aber
849 2727 957 2781 mit
968 2726 1425 2797 Abweichungen

300 2796 361 2852 in
398 2796 507 2852 den
540 2795 943 2854 Einzelheiten.

374 2875 423 2924 6.
460 2867 711 2923 Dahae.
784 2865 951 2924 Diese
989 2866 1116 2922 sind
1146 2873 1177 2933 ἓ
1204 2873 1237 2921 3
1266 2866 1427 2922 nicht

300 2939 699 2995 ausdrucklich
789 2939 1024 3004 enannt3
1080 2937 1228 2992 doch
1279 2939 1425 2992 auch

298 3010 503 3066 Ari-ian
545 3011 767 3065 unterse
808 3009 963 3064 eidet
1006 3011 1077 3076 (4.
1107 3013 1193 3064 1⁷.
1222 3011 1277 3077 1)
1313 3025 1427 3064 von

302 3080 415 3136 den
437 3080 726 3151 glflcklich
748 3081 809 3134 in
832 3080 923 3136 die
941 3080 1142 3134 Wflste
1170 3079 1425 3136 entkom·

300 3167 505 3206 menen
548 3151 907 3222 Massageten
960 3145 1169 3214 ἄλλους
1218 3147 1426 3213 laneas·

298 3223 693 3292 Μασσαγετῶν
774 3218 919 3291 ὑπὲρ
992 3215 1126 3284 τούς
1196 3223 1422 3291 χιλίους.

300 3292 608 3349 Vielleicht
642 3292 760 3349 will
796 3308 857 3348 er
894 3291 1075 3347 damit
1110 3291 1201 3348 die
1228 3291 1424 3348 Dahae

299 3363 667 3432 bezeichnen,
718 3363 813 3418 die
857 3362 1152 3419 Vielleicht
1202 3381 1270 3416 zu
1316 3362 1426 3417 den

301 3433 628 3504 machtigen
662 3433 1018 3504 Massageten
1052 3433 1132 3487 im
1162 3431 1424 3488 Verhalt-

302 3503 420 3558 nise
466 3504 566 3560 der
612 3503 1123 3575 Zinspflichtigkeit
1166 3503 1422 3561 standen.

302 3574 393 3628 An
448 3572 559 3628 den
601 3573 819 3630 Namen
863 3573 1063 3630 Dahae
1114 3574 1305 3644 klingt
1352 3591 1428 3630 an
1482 3565 1487 3572 ’

303 3644 407 3699 das
452 3643 683 3714 heutige
730 3644 1058 3715 Daghestan
1094 3645 1427 3716 (Dahestan)

302 3730 377 3769 an
426 3713 527 3770 der
562 3714 885 3771 Westki'iste
933 3717 1030 3772 des
1072 3715 1427 3787 Ruspi-sees.

376 3791 425 3840 7.
463 3801 707 3841 rursus
740 3787 1044 3843 subactis
1072 3805 1113 3841 s.
1146 3794 1194 3842 7.
1228 3792 1308 3842 10.
1343 3793 1427 3842 16.

301 3887 371 3896 -
407 3855 665 3912 Berdes
700 3857 983 3913 miserat
1017 3876 1059 3916 s.
1099 3865 1147 3912 ’1.
1188 3865 1237 3914 6.
1279 3862 1362 3913 12.

374 3932 426 3982 8.
459 3925 1014 3997 Phrataphernes
1034 3953 1103 3975 ==
1124 3922 1426 3998 Φαρασμά-

298 3999 624 4124 ἔέὶξῖθιιᾼέἓτ
640 4003 839 4139 ῗζδξιῖς
855 3999 1427 4152 ⁴{ier1213{tiliets‘lnri-e}ifirzl

298 4137 515 4195 Person
541 4157 643 4196 vor
662 4141 997 4196 Alexander.
1012 4173 1079 4182 --
1092 4141 1428 4207 confirma,

299 4209 416 4279 vgl.
472 4211 708 4267 hiemare
761 4213 827 4267 in
880 4212 1117 4278 confinio
1175 4211 1427 4266 Trevero-

302 4295 453 4351 rum,
490 4281 645 4338 Caes.
683 4283 740 4338 b.
773 4299 829 4352 g.
870 4287 920 4338 5.
960 4287 1045 4338 24.

1602 2306 1650 2355 9.
1682 2301 2172 2372 dedignaretur
2207 2301 2316 2357 wie
2353 2308 2402 2358 6.
2444 2308 2526 2358 10.
2563 2308 2652 2374 22,

1533 2378 1616 2429 11.
1647 2378 1733 2429 28.
1764 2373 2290 2442 -primoribua
2355 2372 2515 2429 Auch
2548 2374 2654 2431 'ra-

1531 2443 1676 2498 citus
1713 2443 1930 2512 sprieht
1962 2461 2076 2499 von
2111 2446 2384 2515 primores
2417 2447 2656 2513 feminae

1530 2539 1601 2560 ει
1647 2514 1886 2580 feminae
1929 2517 2194 2583 illustres,
2247 2517 2468 2572 nobiles.
2549 2517 2657 2574 Die

1532 2584 2030 2656 SubstantiVirung
2073 2587 2173 2642 des
2212 2587 2340 2657 Adj.
2385 2587 2464 2642 ist
2497 2587 2660 2644 nicht

1530 2655 1901 2711 auffallender
1943 2657 2028 2711 als
2066 2657 2160 2711 bei
2195 2659 2340 2714 inter
2375 2659 2568 2714 electas
2603 2665 2656 2714 4.

1530 2732 1619 2781 24.
1683 2725 1998 2795 Uebrigens
2025 2727 2244 2782 stimmt
2272 2727 2423 2782 Curt.
2459 2729 2520 2784 in
2547 2730 2653 2784 sei-

1529 2813 1661 2852 nem
1697 2795 1927 2851 Bericht
1962 2797 2100 2851 fiber
2136 2797 2290 2852 diese
2328 2799 2506 2866 scyth.
2545 2800 2656 2856 Ge-

1530 2865 1886 2922 sandtschaft
1927 2884 2110 2937 genau
2163 2868 2272 2923 mit
2317 2868 2520 2924 Arrian
2562 2889 2656 2924 zu-

1532 2953 1806 2994 sammen.

1606 3013 1690 3062 10.
1717 3008 2159 3075 Artabazum,
2178 3006 2278 3063 der
2295 3008 2424 3062 dem
2435 3009 2655 3066 Coenus

1530 3078 1622 3133 bei
1665 3079 1882 3149 egeben
1925 3095 2067 3148 war,
2111 3095 2228 3135 was
2272 3078 2373 3134 der
2421 3078 2658 3135 Schrift-

1532 3097 1726 3205 stefier
1753 3154 1784 3215 ἓ
1813 3156 1844 3204 1
1875 3167 1944 3204 zu
1972 3150 2274 3206 erwahnen
2300 3151 2658 3207 verabsaumt

1530 3221 1651 3276 hat.
1737 3219 1952 3276 Coenus
2006 3239 2060 3276 u.
2109 3219 2368 3276 Craterus
2423 3221 2660 3282 stiessen

1529 3292 1679 3346 nach
1724 3291 1846 3346 Arr.
1896 3291 2015 3347 erst
2057 3290 2117 3346 in
2153 3292 2411 3348 Nautaca
2455 3295 2527 3364 (2.
2569 3296 2659 3365 19)

1529 3361 1740 3417 wieder
1775 3379 1840 3416 zu
1879 3362 2206 3418 Alexander.
2246 3393 2314 3404 —
2351 3361 2662 3422 Bazaira

1532 3458 1602 3478 ==
1649 3427 1922 3502 Βάσιστα,
1985 3432 2148 3488 Diod.
2199 3440 2282 3491 1⁷.
2331 3440 2398 3489 25
2449 3435 2658 3506 lemm.‚

1530 3503 1892 3559 unbekannte
1922 3503 2318 3572 Oertlichkeit3
2349 3505 2663 3574 jedenfalls

1533 3574 1744 3630 unweit
1777 3574 2120 3630 Maracanda
2155 3577 2408 3647 gelegen.

1611 3651 1694 3700 11.
1729 3645 1913 3700 haud
1948 3647 2095 3702 ulla
2130 3665 2172 3701 s.
2209 3646 2356 3704 Einl.
2393 3653 2424 3712 ὅ
2463 3653 2549 3702 23.
2590 3679 2658 3687 -

1536 3716 1715 3770 elusi
1749 3740 1818 3762 -··=
1854 3717 2061 3771 inclusi
2095 3717 2202 3772 wie
2232 3722 2281 3775 5.
2312 3722 2360 3774 1.
2395 3723 2485 3783 153
2525 3724 2574 3773 6.
2605 3723 2655 3774 5.

1539 3791 1622 3840 15.
1660 3803 1714 3840 u.
1743 3791 1794 3841 ὅ.
1832 3803 2056 3858 nemora
2091 3786 2216 3842 sind
2252 3787 2659 3844 kfinstliche

1534 3855 1751 3911 Parks
1807 3858 2001 3926 (manu
2054 3859 2268 3914 consita
2324 3864 2371 3913 ’1.
2429 3865 2482 3914 2.
2537 3861 2657 3930 22);

1532 3927 1705 3982 silvae
1731 3945 1786 3982 u.
1822 3929 1998 3983 saltus
2038 3927 2436 3984 natt‘irliche
2471 3930 2658 3986 Wal-

1536 3998 1669 4054 dun
1727 4014 1830 4067 en,
1873 3999 2018 4054 doch
2052 3999 2294 4054 braucht
2321 3998 2378 4053 C.
2417 4000 2539 4056 hier
2567 4000 2657 4056 die
2761 4011 2764 4014 ’

1537 4069 1656 4150 drei
1669 4016 1866 4124 &Verte
1884 4069 2145 4152 ziemlich
2163 4086 2452 4140 synonym.
2488 4069 2658 4126 Diese

1536 4139 1908 4209 Thiergarten
1935 4139 2158 4196 hiessen
2182 4141 2264 4196 im
2291 4141 2445 4196 Zend
2472 4143 2658 4211 pairi-

1534 4210 1733 4276 daeza,
1787 4210 2013 4280 altpers.
2050 4212 2396 4281 paradaiza,
2446 4213 2658 4283 griech.

1534 4275 1874 4350 παράδεισοι
1909 4282 2069 4351 (Xen.
2107 4282 2285 4340 Anab.
2327 4288 2374 4338 1.
2417 4291 2465 4340 2.
2507 4287 2578 4355 7).
