3069 4749
826 180 1343 237 HISTORIARUM
1367 180 1788 234 ALEXANDRI
1823 183 2041 249 VI,14.
2492 180 2621 245 163

269 344 491 430 Tigris
552 341 859 426 prohibet
910 340 1211 408 inclusos.
1237 242 1333 422 V
1301 341 1392 406 Et
1448 364 1614 427 quae
1670 346 1863 407 antea
1916 364 2034 427 pro
2090 343 2225 407 illis
2284 346 2500 429 erant,
2553 345 2624 407 in
2665 355 2729 404 16
2801 285 2881 395 l*

274 431 677 500 contrarium
724 453 913 496 versa
960 435 1129 497 sunt.
1219 429 1538 496 Nostrum
1585 431 1824 496 mobile
1861 434 1929 496 et
1967 432 2339 516 expeditum
2385 453 2623 518 agmen

272 526 392 604 est,
439 519 605 585 illud
649 519 886 606 praeda
933 540 1149 605 grave.
1238 519 1594 603 Inplicatos
1643 541 1800 606 ergo
1857 520 2085 605 spoliis
2130 523 2372 586 nostris
2425 522 2624 586 truci-

200 605 212 615 ’
271 611 580 676 dabimus
619 609 970 692 eademque
1017 630 1119 672 res
1156 613 1223 673 et
1261 630 1457 673 causa
1493 609 1619 672 erit
1656 609 1966 674 victoriae
2003 612 2069 674 et
2103 610 2369 674 fructus.
2407 609 2621 686 Quod·
2662 623 2728 671 17

272 701 328 766 si
392 720 585 783 quem
647 719 682 762 e
739 697 928 762 vobis
989 718 1230 762 nomen
1289 697 1504 783 gentis
1566 700 1808 779 movet,
1865 699 2132 784 cogitet,
2197 697 2627 764 Macedonum

269 789 409 853 illic
448 807 631 851 arma
670 807 829 870 esse,
863 807 997 850 non
1036 807 1327 870 corpora.
1392 785 1675 851 Multum
1713 787 1886 851 enim
1925 788 2310 871 sanguinem
2346 787 2622 852 invicem

269 876 610 942 hausimus
679 877 745 939 et
800 895 1053 957 semper
1111 875 1375 960 gravior
1428 874 1499 938 in
1554 875 1882 959 paucitate
1935 877 2188 940 iactura
2243 879 2358 942 est.
2449 875 2622 941 Nam
2662 891 2728 940 18

270 963 667 1044 Alexander,
734 966 1287 1049 quantuscumque
1351 963 1612 1048 ignavis
1679 967 1744 1028 et
1805 964 2056 1028 timidis
2117 965 2322 1029 videri
2384 968 2623 1050 potest,

268 1075 473 1121 unum
522 1053 764 1117 animal
814 1054 913 1116 est
956 1055 1050 1136 et,
1099 1053 1154 1116 si
1200 1052 1353 1136 quid
1397 1051 1561 1117 mihi
1607 1052 1896 1137 creditis,
1941 1053 2362 1118 temerarium
2407 1057 2474 1119 et
2516 1076 2623 1119 ve-

271 1165 445 1225 cors,
502 1141 712 1206 adhuc
772 1145 1000 1205 nostro
1053 1161 1326 1224 pavore,
1381 1161 1578 1226 quam
1625 1162 1744 1205 sua
1787 1142 2026 1207 virtute
2078 1142 2348 1208 felicius.
2439 1141 2624 1209 Nihil
2664 1158 2728 1206 19

270 1234 491 1297 autem
535 1233 758 1315 potest
803 1250 943 1294 esse
990 1229 1381 1314 diuturnum,
1429 1230 1531 1294 cui
1568 1249 1718 1294 non·
1740 1230 1963 1296 subest
1998 1231 2188 1296 ratio.
2260 1231 2445 1296 Licet
2478 1230 2620 1296 feli-

269 1321 435 1387 citas
502 1318 835 1402 adspirare
900 1317 1198 1384 videatur
1205 1369 1224 1403 ,
1286 1322 1509 1383 tamen
1563 1317 1645 1382 ad
1708 1319 2015 1384 ultimum
2075 1320 2430 1386 temeritati
2489 1341 2618 1388 non

272 1407 535 1474 sufficit.
627 1406 970 1472 Praeterea
1029 1407 1258 1472 breves
1318 1410 1384 1472 et
1437 1407 1790 1472 mutabiles
1843 1408 2015 1474 vices
2071 1430 2285 1473 rerum
2343 1413 2495 1474 sunt
2556 1413 2625 1474 et

264 1498 531 1563 fortuna
575 1516 929 1580 numquam
987 1495 1368 1579 simpliciter
1422 1495 1741 1581 indulget.
1830 1495 2137 1562 Forsitan
2191 1498 2286 1562 ita
2339 1498 2430 1562 dii
2483 1498 2621 1564 fata
2658 1514 2726 1562 20

270 1583 735 1668 ordinaverint,
781 1586 857 1650 ut
901 1584 1252 1649 Persarum
1298 1584 1674 1669 imperium,
1721 1584 1894 1669 quod
1941 1586 2220 1652 secundo
2269 1608 2459 1652 cursu
2503 1609 2623 1673 per

271 1691 505 1741 ccxxx
552 1693 759 1738 annos
806 1673 889 1738 ad
940 1695 1263 1738 summum
1310 1673 1652 1760 fastigium
1705 1679 2077 1759 evexerant,
2137 1686 2378 1761 magno
2435 1678 2619 1740 motu
2699 1707 2703 1710 «

269 1765 687 1829 concuterent
732 1762 942 1845 magis
991 1784 1184 1846 quam
1234 1761 1620 1848 adfligerent
1667 1726 2214 1864 admonerentque
2250 1786 2371 1830 nos
2416 1764 2620 1849 fragi-

266 1852 479 1916 litatis
542 1851 895 1934 humanae,
950 1851 1131 1916 cuius
1176 1850 1379 1916 nimia
1423 1851 1492 1915 in
1555 1852 1880 1936 prosperis
1937 1853 2130 1918 rebus
2193 1853 2432 1918 oblivio
2500 1856 2618 1919 est.

266 1939 464 2006 Modo
495 1938 759 2005 Graecis
794 1939 965 2004 ultro
992 1939 1236 2004 bellum
1262 1940 1728 2023 inferebamUS,
1764 1962 1938 2006 nunc
1975 1941 2046 2005 in
2082 1941 2340 2007 sedibus
2369 1941 2612 2007 nostris
2653 1961 2718 2009 21

266 2029 723 2130 propulsamus
787 2029 1082 2094 inlatum.
1179 2027 1512 2093 Iactamur
1574 2029 1851 2094 invicem
1915 2030 2230 2094 varietate
2294 2029 2613 2095 fortunae.

264 2117 588 2182 Videlicet
651 2117 1023 2201 imperium,
1089 2118 1243 2202 quia
1297 2120 1525 2182 mutuo
1573 2117 2002 2203 adfectamus,
2062 2141 2192 2184 una
2250 2139 2409 2204 gens
2481 2141 2614 2185 non

149 2201 243 2268 55
266 2207 458 2290 capit.
554 2203 891 2290 Ceterum,
938 2205 1193 2271 etiamsi
1240 2227 1387 2291 spes
1434 2228 1572 2270 non
1620 2206 1937 2289 subesset,
1991 2207 2349 2274 necessitas
2395 2211 2615 2273 tamen
2652 2227 2720 2276 22

267 2295 599 2360 stimulare
647 2294 937 2360 deberet:
986 2294 1068 2359 ad
1115 2298 1405 2361 extrema
1448 2298 1848 2400 perventum·
1879 2299 1994 2361 est.
2068 2297 2346 2362 Matrem
2385 2319 2615 2383 meam,

265 2386 427 2450 duas
474 2384 665 2469 filias,
712 2383 967 2449 Ochum
1010 2384 1080 2448 in
1126 2407 1307 2469 spem
1353 2384 1547 2449 huius
1593 2386 1850 2469 imperii
1899 2387 2219 2473 genitum,
2273 2388 2615 2489 principes,

262 2474 481 2539 illam
495 2470 791 2538 subolem
826 2473 1047 2559 regiae
1086 2474 1331 2559 stirpis,
1368 2473 1562 2539 duces
1601 2478 1852 2540 vestros
1899 2497 2158 2541 reorum
2195 2478 2406 2541 instar
2440 2477 2616 2541 vinc-

266 2566 369 2628 tos
426 2562 651 2626 habet.
708 2562 838 2626 nisi
899 2560 1051 2645 quid
1106 2562 1177 2625 in
1221 2563 1411 2628 vobis
1459 2562 1602 2646 opis
1652 2568 1768 2643 est,
1817 2584 1938 2649 ego
1985 2566 2228 2630 maiore
2265 2564 2394 2630 mei
2429 2568 2616 2649 parte

269 2651 567 2736 captivus
615 2672 778 2715 sum.
868 2649 1125 2733 Eripite
1161 2651 1413 2717 viscera
1446 2672 1594 2715 mea
1631 2674 1707 2715 ex
1742 2651 2045 2738 vinculis,
2090 2653 2416 2717 restituite
2453 2652 2614 2717 mihi

262 2740 561 2824 pignora,
603 2760 724 2825 pro
773 2738 1006 2822 quibus
1052 2738 1181 2823 ipsi
1225 2740 1390 2805 mori
1450 2760 1587 2805 non
1641 2740 1982 2825 recusatis,
2035 2745 2400 2825 parentem,
2455 2741 2614 2805 libe-

261 2850 401 2893 ros:
446 2850 599 2892 nam
647 2827 990 2912 coniugem
1037 2827 1105 2892 in
1150 2829 1267 2893 illo
1316 2850 1570 2893 carcere
1618 2829 1820 2893 amisi.
1894 2827 2150 2893 Credite
2183 2850 2354 2893 nunc
2390 2849 2612 2894 omnes

262 2916 384 2981 hos
422 2916 687 2981 tendere
724 2916 806 2981 ad
837 2937 955 2981 vos
984 2936 1237 3001 manuS,
1264 2916 1590 3000 inplorare
1616 2918 1863 3000 patrios
1892 2916 2065 3002 deos,
2094 2938 2282 3001 opem
2310 2919 2613 3001 vestram,

250 3004 809 3090 misericordiam,
863 3004 1057 3070 fidem
1106 3025 1477 3089 exposcere,
1537 3010 1612 3070 ut
1665 3006 2102 3092 compedibus,
2154 3008 2230 3070 ut
2285 3005 2614 3091 servitute,

2651 2850 2720 2899 23

334 3290 420 3339 16.
458 3285 708 3354 spoliis
743 3286 998 3341 nostris
1044 3286 1096 3341 d.
1134 3283 1187 3341 11.
1226 3284 1391 3342 uobis

263 3357 478 3424 ereptis,
518 3372 559 3413 a.
598 3356 659 3411 E.
700 3361 787 3411 20.

335 3432 418 3481 17.
447 3428 809 3496 hausimus,
834 3426 1078 3483 ‘haben
1104 3444 1385 3499 vei-gos-

261 3496 423 3622 {gun
392 3566 452 3621 C
462 3497 569 3552 wie
605 3469 831 3553 haurio-'e
856 3500 1182 3569 sanquinem
1212 3498 1385 3598 sclion

332 3586 352 3621 1
434 3584 505 3622 10

334 3645 418 3693 18.
457 3645 1055 3724 quantuscumque,
1085 3640 1177 3695 die
1204 3656 1381 3710 ganze

261 3708 435 3765 Stelle
455 3710 705 3767 erinnert
722 3728 793 3766 an
824 3710 915 3767 die
936 3710 1384 3767 Charakteristik

262 3778 611 3836 Alexanders
646 3782 742 3837 bei
774 3782 971 3837 Livius
1010 3788 1185 3838 9.18.

334 3857 415 3907 19.
454 3853 707 3919 subest;
746 3852 907 3907 Sinn:
944 3870 1060 3907 was
1087 3851 1249 3909 nicht
1284 3854 1391 3908 auf

258 3894 626 4007 111161163οη8
644 3941 698 3977 11.
719 3924 1135 3980 Besonnenheit
1160 3924 1379 3979 beruht.

260 4023 326 4032 --
363 3993 543 4049 vices
596 4011 839 4061 rerum,
892 3995 984 4049 die
1028 3994 1381 4050 wechselnde

258 4061 595 4135 Gestaltung
657 4066 757 4121 der
810 4065 1021 4137 Dinge;
1080 4067 1191 4165 vgl.
1238 4068 1383 4123 vices

259 4134 563 4191 11111116.-
631 4138 1068 4219 simpliciter,
1126 4136 1381 4205 ε6111111111,

260 4205 406 4260 611116
459 4206 763 4264 heimliche
812 4208 1055 4264 Tucke'.
1144 4210 1197 4265 S.
1239 4178 1384 4264 oberi

332 4352 417 4404 20.
461 4346 508 4403 Ο
516 4348 564 4404 Ο
572 4350 709 4405 XX
718 4350 791 4410 X.
842 4350 1045 4406 Darius
1079 4350 1258 4405 meint
1291 4349 1382 4404 die

1493 3286 1620 3341 Zeit
1666 3303 1776 3342 von
1827 3291 2124 3343 560-331,
2181 3316 2254 3327 —-
2307 3287 2612 3343 admoue-

1493 3361 1794 3427 reutqae,
1837 3358 1972 3412 ‘und
2009 3376 2114 3414 uns
2149 3376 2270 3413 nur
2304 3355 2613 3415 hinweisen

1493 3427 1728 3483 wollten
1763 3428 1866 3482 auf
1900 3446 2031 3485 usw.
2040 3429 2056 3455 ’

1565 3506 1650 3553 21.
1679 3505 1906 3555 mutuo
1933 3500 2259 3555 ziemlichs.
2278 3520 2330 3557 v.
2351 3517 2400 3558 a.
2425 3500 2614 3556 ‘beide

1492 3568 2155 3639 2113161611ζε.Ε.63.-
2186 3574 2398 3670 capit,
2438 3572 2614 3627 ‘kann

1490 3640 2215 3709 behaupten,festha1ten.'

1563 3716 1648 3767 22.
1677 3712 1994 3787 subesset,
2027 3713 2376 3783 ‘vorl'age',
2399 3714 2502 3769 wie
2525 3719 2609 3771 12.

1490 3789 1525 3836 4
1562 3798 1732 3837 causa
1767 3756 2002 3839 suberat.
2041 3815 2107 3825 --
2152 3784 2431 3841 Ochum.
2462 3802 2610 3857 .-9e

1489 3853 1734 3920 uitam,
1762 3853 1873 3908 fast
1900 3854 2188 3911 disselben
2215 3856 2412 3912 Worte
2442 3862 2490 3910 3.
2525 3861 2608 3912 11.

1490 3930 1578 3989 24,
1607 3955 1680 3965 —-
1706 3926 1926 3993 daces,
1967 3927 2091 3982 eine
2127 3942 2270 3981 116116
2296 3926 2511 3995 Klasse,
2541 3952 2610 3973 ==

1487 4000 1764 4077 praetores
1798 3996 1996 4066 Darei,
2034 4003 2145 4053 s.3.
2171 4004 2254 4052 13.
2277 4004 2324 4051 6.
2358 4028 2425 4037 --
2463 4000 2610 4067 opis

1489 4065 1598 4121 wie
1635 4072 1684 4123 8.
1724 4071 1774 4121 ὅ.
1816 4074 1882 4123 13
1927 4088 1980 4125 11.
2021 4074 2071 4124 ὅ.
2125 4099 2193 4109 -
2242 4068 2365 4123 mei
2412 4074 2611 4137 parte

1490 4136 1597 4191 wie
1633 4139 1975 4195 carissimam
2009 4142 2101 4195 sui
2144 4144 2381 4209 partem,
2433 4144 2480 4193 3.
2521 4146 2608 4195 20.

1492 4239 1560 4248 -
1597 4210 1887 4278 viscera,
1931 4212 2111 4265 1116111
2154 4210 2430 4265 Fleisch
2473 4212 2608 4265 und

1491 4278 1680 4350 Blut,
1717 4296 1758 4333 s.
1798 4282 1986 4338 Ε.11.
2061 4268 2211 4336 Uber
2247 4297 2376 4336 uon
2421 4298 2605 4338 reeu-

1492 4353 1664 4407 satis
1701 4368 1746 4407 c.
1784 4287 1938 4406 infin.
1979 4352 2177 4407 ebend.
2218 4357 2339 4407 118.

2072 4437 2181 4493 11*
