3069 4749
215 2002 303 2067 23

880 133 1860 201 HISTORIARUM'ALEXANDRI
1899 146 2020 216 VII,
2059 151 2110 201 5.
2589 146 2672 209 ’Π

316 314 713 395 habebatur,
748 311 818 375 in
854 309 1235 375 societatem
1272 308 1602 393 cogitatae
1637 309 1730 373 rei
1769 308 2086 375 adsciscit.
2161 309 2274 374 Illi
2311 309 2676 413 promptius

316 403 559 469 adsunt
620 421 820 485 quam
873 397 1298 483 rogabantur,
1352 397 1844 481 adsumptisque
1895 416 2023 463 vm
2078 398 2457 463 fortissimis
2504 400 2678 464 iuve-

314 492 513 557 nibus
558 490 763 554 talem
820 488 1044 553 dolum
1086 484 1448 551 intendunt.
1541 484 1948 570 Spitamenes
2004 488 2221 591 pergit
2275 486 2360 551 ad
2404 486 2676 553 Bessum
2719 507 2785 556 22

320 584 389 645 et
432 579 707 646 remotis
754 576 1021 641 arbitris
1068 576 1435 658 conperisse
1482 576 1580 640 ait
1623 596 1719 658 se,
1765 576 2064 641 insidiari
2111 578 2169 640 ei
2212 576 2682 660 Dataphernen

321 674 388 734 et
424 667 744 751 Catenen,
790 668 867 730 ut
901 664 1121 730 vivum
1159 663 1532 729 Alexandro
1578 663 1936 748 traderent,
1984 665 2341 751 agitantes:
2389 687 2430 729 a
2471 669 2683 730 semet

322 760 672 841 occupatos
738 774 879 819 esse
940 758 1001 818 et
1058 752 1314 819 vinctos
1377 753 1603 817 teneri.

324 846 659 928 credebat,
696 843 1024 927 obligatus
1062 842 1307 926 partim
1346 842 1596 925 gratias
1635 841 1800 927 agit,
1836 842 2078 925 partim
2116 842 2343 907 avidus
2383 842 2681 925 explendi

326 934 629 1019 supplicii
676 931 906 997 adduci
960 949 1070 995 eos
1125 929 1327 995 iubet.
1416 929 1525 994 Illi
1579 931 1884 995 manibus
1933 952 2052 995 sua
2106 935 2336 1015 sponte
2388 931 2682 1015 religatis
2720 952 2790 999 24

328 1046 369 1088 a
412 1021 845 1106 participibus
900 1019 1157 1084 consilii
1210 1018 1660 1084 trahebantur.
1750 1017 1927 1094 Quos
1974 1018 2213 1084 Bessus
2271 1020 2440 1084 truci
2497 1020 2720 1094 vultu

324 1112 587 1176 intuens
625 1109 963 1193 consurgit
1004 1108 1305 1173 manibus
1341 1129 1476 1173 non
1520 1110 2022 1191 temperaturus.
2093 1107 2313 1193 Atque
2351 1109 2450 1173 illi
2487 1108 2683 1173 simu-

322 1200 571 1265 latione
648 1200 891 1263 omissa
964 1196 1452 1262 circumsistunt
1526 1218 1676 1260 eum
1749 1200 1816 1261 et
1891 1196 2140 1262 frustra
2211 1200 2682 1282 repugnantem

326 1289 623 1353 vinciunt
686 1288 953 1370 derepto
1022 1306 1098 1350 ex
1164 1286 1379 1369 capite
1442 1285 1627 1370 regni
1690 1286 1936 1371 insigni
2011 1286 2424 1369 lacerataque
2487 1289 2684 1369 veste,

324 1398 523 1461 quam
576 1397 611 1440 e
669 1376 895 1459 spoliis
951 1374 1151 1440 occisi
1214 1375 1391 1458 regis
1455 1374 1772 1438 induerat.
1871 1373 1992 1438 Ille
2051 1373 2204 1439 deos
2263 1375 2365 1439 sui
2421 1375 2683 1440 sceleris
2725 1394 2790 1442 25

320 1466 571 1529 ultores
640 1465 867 1529 adesse
930 1462 1267 1528 confessus
1332 1462 1596 1545 adiecit,
1663 1482 1796 1527 non
1858 1462 2074 1527 Dareo
2141 1463 2398 1547 iniquos
2462 1462 2686 1547 fuisse,

324 1576 517 1638 quem
575 1553 670 1618 sic
725 1554 1217 1635 ulciscerentur,
1284 1551 1397 1616 sed
1452 1550 1827 1616 Alexandro
1891 1552 2214 1635 propitios
2275 1572 2420 1616 esse
2429 1602 2448 1636 ,
2503 1552 2685 1616 cuius

323 1643 670 1707 victoriam
718 1663 973 1726 semper
1018 1642 1217 1705 etiam
1262 1640 1487 1706 hostes
1537 1640 1956 1705 adiuvissent.
2030 1639 2380 1705 Multitudo
2425 1662 2511 1704 an
2546 1641 2684 1706 vin·
2721 1660 2790 1709 26

326 1731 624 1796 dicatura
666 1728 946 1795 Bessum
989 1729 1214 1813 fuerit,
1258 1730 1579 1794 incertum
1626 1732 1753 1806 est,
1808 1730 1935 1793 nisi
1979 1729 2107 1813 illi,
2160 1729 2270 1814 qui
2325 1730 2684 1813 vinxerant,

325 1819 506 1884 iussu
571 1818 930 1884 Alexandri
992 1818 1225 1883 fecisse
1286 1818 1465 1901 ipsos
1528 1817 1824 1881 ementiti
1893 1817 2126 1882 dubios
2200 1817 2411 1882 adhuc
2483 1818 2685 1882 animi

324 1908 729 1973 terruissent.
816 1907 897 1973 In
943 1928 1180 1991 equum
1234 1906 1594 1990 inpositum
1639 1906 2011 1972 Alexandro
2065 1904 2370 1971 tradituri
2425 1906 2685 1971 ducunt.

502 1996 685 2061 Inter
727 1997 889 2061 haec
934 2017 1073 2079 rex,
1120 1994 1357 2079 quibus
1404 1998 1666 2060 matura
1711 1999 1854 2059 erat
1897 1995 2149 2074 missi0,
2195 1994 2418 2060 electis
2463 2012 2685 2060 Dcccc
2722 2016 2790 2065 27

323 2085 464 2149 fere
518 2085 675 2151 bina
728 2086 977 2150 talenta
1036 2084 1241 2168 equiti
1299 2083 1506 2169 dedit,
1567 2083 1773 2167 pediti
1838 2086 2026 2149 terna
2091 2083 2428 2148 denarium
2481 2084 2686 2167 milia,

330 2174 771 2258 monitosque,
824 2177 899 2238 ut
952 2173 1195 2238 liberos
1253 2176 1669 2257 generarent,
1735 2172 1989 2237 remisit
2053 2172 2334 2237 domum.
2435 2169 2684 2237 Ceteris

328 2262 583 2349 gratiae
630 2266 841 2346 actae,
898 2261 1070 2347 quod
1126 2261 1208 2326 ad
1250 2261 1505 2345 reliqua
1551 2261 1712 2325 belli
1766 2265 2119 2326 navaturos
2179 2282 2442 2345 operam
2497 2261 2685 2345 polli-

327 2352 659 2418 cebantur.
753 2351 947 2434 [Tum
991 2350 1231 2416 Bessus
1279 2350 1698 2435 perducitur]
1789 2348 2182 2416 Perventum
2230 2354 2371 2417 erat
2424 2351 2494 2414 in
2538 2372 2685 2435 par·
2723 2374 2792 2424 28

332 2442 559 2507 vulum
606 2441 941 2525 oppidum:
986 2439 1391 2512 Branchidae
1438 2441 1574 2545 eius
1620 2440 1870 2506 incolae
1922 2444 2126 2505 erant.
2207 2438 2435 2504 Mileto
2481 2461 2686 2524 quon-

329 2703 392 2740 er
427 2687 591 2740 einen
616 2681 813 2740 Κατάν
814 2703 908 2754 η,ς
944 2684 1181 2739 Ffirsten
1212 2685 1312 2740 der
1338 2687 1453 2739 bst-

330 2757 448 2812 lich
484 2773 559 2811 an
587 2703 871 2827 Sogdianus
894 2755 1321 2826 angrenzenden
1345 2756 1454 2810 Pa-

327 2831 656 2883 raetacener
710 2827 891 2896 (nicht
951 2845 1021 2881 zu
1075 2825 1456 2882 verwechseln

326 2896 437 2953 mit
472 2899 582 2954 den
618 2897 819 2954 ostlich
854 2915 967 2953 von
995 2897 1232 2952 Susiana
1260 2898 1454 2951 wohn·

328 2971 529 3024 hasten
556 2965 970 3039 Παραιτάκαι),
1000 2967 1098 3022 der
1124 2967 1275 3023 wohl
1302 2968 1454 3022 iden-

330 3041 481 3096 tisch
500 3041 579 3095 ist
594 3041 703 3095 mit
726 3041 855 3096 dem
882 3040 1007 3094 hier
1034 3041 1371 3110 genannten.
1385 3069 1453 3079 --

329 3127 678 3249 313331113
687 3111 1452 3238 ἐνῖἳῖῗῇαἰῗέῗὲῗῑῖἶῗ

330 3253 520 3309 lichen
559 3253 727 3308 Sinne
764 3271 831 3306 zu
868 3251 1071 3308 fassen.
1140 3251 1255 3307 Der
1336 3269 1451 3307 om-

329 3325 555 3394 parativ
571 3325 887 3422 promptius
904 3323 1064 3378 nicht
1081 3323 1227 3378 ohne
1244 3321 1450 3378 Bitter-

328 3395 548 3452 keit—
480 3421 548 3442 =
580 3394 1023 3464 ‘wombglich
1049 3394 1196 3450 noch
1226 3394 1445 3464 eiliger'

330 3466 841 3592 3331133313
860 3465 1448 3620 3333333333

335 3604 463 3676 Vgl.
502 3607 649 3661 auch
693 3608 867 3662 aliem:
910 3609 1082 3674 litem,
1118 3608 1324 3664 crimen
1368 3607 1456 3662 iu-

335 3677 554 3732 temtere
586 3677 631 3745 (‘
636 3679 939 3734 anzetteln’
945 3681 980 3746 ).

406 3753 492 3802 22.
532 3754 892 3818 occupatos
936 3765 1087 3805 esse.
1162 3749 1322 3804 Sinn:
1374 3751 1459 3804 ‘er

334 3819 417 3874 sei
452 3818 627 3873 ihnen
663 3820 1323 3889 zuvorgekommen’.

406 3895 492 3944 23.
529 3891 792 3960 partim
839 3931 851 3944 .
894 3933 905 3944 .
946 3935 958 3946 .
1002 3893 1289 3960 partim,
1335 3891 1459 3946 hier

330 3961 706 4016 befremdlich
757 3963 1092 4032 gebi-auem,
1146 3963 1262 4018 fast
1315 3979 1459 4032 ganz

332 4031 523 4102 gleich
584 4032 753 4088 simul
807 4075 819 4086 .
866 4076 880 4090 .
930 4077 942 4090 .
989 4035 1295 4089 81111111.-
1352 4049 1458 4088 ex·

326 4103 569 4172 pleudi
630 4105 1005 4174 supplicii,
1077 4103 1183 4160 wie
1245 4105 1459 4172 explere

332 4190 558 4242 munus,
604 4176 869 4243 officium.
943 4175 1221 4231 Aehnlich
1258 4175 1334 4231 ad
1368 4191 1456 4229 ex-

328 4246 592 4312 plemam
620 4247 1043 4313 damnationem,
1070 4245 1253 4316 Cic.p
1258 4243 1456 4303 Caec.

336 4320 421 4370 29.
485 4317 793 4372 Immerhin
828 4316 954 4374 eine
990 4266 1455 4387 ungewbhnliche

1561 2685 1800 2752 Phras03
1849 2684 2054 2754 gewiss
2085 2686 2234 2740 uhts
2280 2685 2479 2740 avidus
2525 2684 2688 2739 einen

1562 2756 1805 2810 Einfluss
1834 2755 1936 2809 auf
1958 2755 2050 2810 die
2068 2753 2244 2809 Wahl
2273 2754 2372 2809 des
2391 2754 2686 2810 Verbums.

1635 2849 1720 2899 24.
1750 2843 2200 2898 trahebantur
2240 2841 2280 2897 1.
2323 2843 2687 2898 adtrahebau-

1562 2920 1682 2980 twr,
1747 2913 2178 2969 adducebantur.
2233 2943 2306 2954 —
2361 2919 2685 2982 tempera-

1563 2990 1788 3052 turus,
1833 2983 1940 3040 wie
1979 2991 2026 3042 5.
2067 2990 2116 3040 9.
2159 2989 2228 3038 10
2262 2983 2323 3038 111
2367 2983 2689 3038 ahnlichem

1564 3055 2076 3138 Zusammenhang
2084 3055 2344 3112 vwwturi.
2376 3085 2442 3094 --
2479 3071 2507 3108 e
2542 3070 2688 3124 spo-

1561 3128 1683 3182 liis
1729 3153 1796 3173 =
1845 3127 1946 3182 als
2019 3127 2128 3182 ein
2203 3123 2413 3180 Stiick
2475 3124 2689 3180 Beute

1561 3215 1714 3254 vom
1751 3199 1876 3267 etc„
1889 3217 1956 3253 s.
1994 3197 2140 3254 Einl.
2180 3203 2211 3264 ξ
2248 3203 2314 3252 21
2357 3197 2410 3251 d.

1631 3292 1717 3342 25.
1766 3287 1918 3344 deos
1963 3287 2250 3354 ultores,
2297 3303 2338 3342 s.
2387 3292 2437 3340 5.
2485 3291 2569 3342 13.
2620 3290 2689 3340 16

1559 3363 2100 3414 u.3.13.17.-—
2145 3359 2388 3426 fuisse,
2443 3355 2690 3412 namlich

1557 3445 1683 3484 eum
1717 3429 2163 3512 hoefieripasei
2199 3433 2386 3486 essent.
2424 3444 2690 3497 —pro-

1549 3517 1596 3570 p
1608 3519 1630 3556 1
1621 3501 1696 3555 'ti
1705 3516 1737 3555 ο
1747 3516 1800 3568 s,
1830 3499 2173 3570 Steigerung
2191 3517 2304 3556 von
2320 3517 2435 3555 nou
2449 3499 2684 3568 iniquos.

1637 3595 1722 3645 26.
1761 3590 2000 3645 dubios
2045 3590 2258 3644 animi
2294 3588 2439 3643 nach
2474 3587 2686 3657 Vergil,

1567 3679 1608 3717 s.
1661 3658 1805 3716 Einl.
1863 3665 1894 3726 5
1949 3666 2017 3716 29
2072 3660 2127 3714 d.
2187 3689 2254 3700 —-
2309 3660 2566 3714 ducunt
2617 3683 2688 3706 ει

1566 3733 1680 3799 ab-,
1698 3732 1992 3788 deducam.
2030 3731 2158 3800 Vgl.
2179 3731 2538 3785 trahebantur
2556 3733 2587 3794 5
2601 3735 2688 3785 24.

1635 3826 1723 3876 27.
1761 3820 2004 3889 quibus
2043 3861 2056 3874 .
2096 3860 2109 3873 .
2151 3861 2161 3872 .
2201 3819 2432 3874 electis
2467 3835 2511 3873 s.
2539 3816 2686 3871 Ε1ιι1.

1566 3897 1598 3956 ἓ
1639 3897 1704 3945 13
1737 3907 1788 3945 a.
1845 3889 1954 3944 Zur
1991 3890 2170 3944 Sache
2205 3890 2321 3960 vgl.
2349 3890 2470 3944 Arr.
2511 3895 2561 3942 3.
2601 3894 2688 3944 29.

1568 3967 1618 4016 5.
1681 3961 1868 4016 Ueber
1908 3963 1983 4016 ad
2027 3961 2242 4030 reliqua
2288 3961 2415 4015 belli
2459 3978 2503 4016 s.
2540 3959 2687 4014 Einl.

1568 4039 1600 4098 ς
1629 4039 1698 4087 29
1728 4049 1778 4086 a.
1816 4063 1884 4072 —-
1927 4031 2214 4103 [TumB.
2232 4031 2688 4113 perducitur]‚

1565 4103 1690 4158 hier
1733 4119 1881 4186 ganz
1926 4103 2164 4168 sinnlos3
2219 4101 2691 4157 wahrscheinlich

1565 4176 1778 4230 lautete
1833 4173 1956 4229 eine
2011 4143 2361 4242 Randglosse
2415 4191 2484 4226 zu
2543 4174 2690 4228 iuter

1564 4247 1698 4301 haec
1733 4249 1786 4314 (ξ
1824 4246 1940 4314 27);
1979 4246 2112 4300 dum
2147 4244 2219 4300 Β.
2255 4244 2594 4312 perducitur.

1635 4322 1722 4372 28.
1759 4317 2196 4372 Branchidae
2226 4317 2595 4386 (Βραγχίδαι),
2622 4341 2689 4362 ---·

1712 752 1954 818 Bessus
2019 756 2206 818 tanto
2269 754 2532 835 meritc,
2609 758 2684 819 ut
2719 774 2789 823 23
