3069 4749
426 116 553 180 116

1329 117 1392 184 Q.
1435 115 1662 170 cuR'rl
1697 115 1872 170 RUFI

418 243 609 344 niodo
667 279 945 362 attritis,
1005 278 1117 344 sed
1173 279 1552 363 corporibus
1621 278 1819 343 etiam
1877 278 2180 362 fatigatis
2239 279 2424 364 sequi
2486 279 2783 365 plerique

420 389 553 433 non
596 371 904 451 poterant
942 372 1009 433 et
1053 368 1261 432 rarius
1300 367 1574 433 subinde
1618 388 1852 452 agmen
1896 367 2096 432 fiebat
2141 365 2482 451 pudorem,
2526 372 2601 433 ut
2644 368 2782 434 fere

310 477 379 526 35
419 457 521 540 fit,
594 456 942 522 immodico
1016 456 1240 522 labore
1312 457 1630 522 vincente.
1735 454 1876 520 Rex
1947 460 2172 521 tamen
2243 456 2516 521 subinde
2581 478 2780 542 equos

418 547 681 610 mutans
752 547 892 610 sine
964 545 1443 610 intermissione
1518 545 1842 630 fugientes
1915 545 2394 629 insequebatur.

2503 544 2780 612 Nobiles

418 635 684 699 iuvenes
759 634 1060 699 comitari
1136 657 1281 699 eum
1356 633 1538 699 soliti
1614 631 1983 699 defecerant
2052 637 2312 716 praeter
2382 632 2782 720 Philippum.

419 721 795 808 Lysimachi
860 726 1001 788 erat
1053 723 1284 806 frater,

1346 725 1489 786 tum
1542 722 1828 806 primum
1881 722 2140 788 adultus
2198 728 2290 806 et,
2355 723 2528 806 quod
2587 723 2780 789 facile

310 832 379 880 36
422 811 791 895 adpareret,
837 811 1078 877 indolis
1124 833 1330 877 rarae.
1414 809 1481 875 Is
1526 810 1724 894 pedes
1763 847 1847 856 ——
1884 811 2263 876 incredibile
2309 811 2487 876 dictu
2539 849 2614 858 —
2663 834 2783 896 per

417 919 467 966 D
532 900 746 965 stadia
808 903 1063 966 vectum
1126 920 1347 986 regem
1410 900 1760 965 comitatus
1825 903 1955 983 ent,
2029 921 2222 983 saepe
2289 922 2525 985 equum
2589 923 2780 966 suum

421 989 729 1054 offerente
766 987 1189 1073 Lysimacho,
1233 1010 1351 1054 nec
1396 991 1645 1072 tamen,
1691 992 1767 1053 ut
1811 987 2260 1074 digrederetur
2303 1011 2344 1053 a
2379 1011 2563 1075 rege,
2607 989 2780 1054 effici

311 1099 380 1147 37
417 1077 663 1162 potuit,
710 1099 858 1143 cum
902 1078 1107 1143 lorica
1149 1077 1414 1143 indutus
1452 1100 1635 1142 arma
1682 1081 1990 1162 gestaret.

312 1363 381 1413 38

216 2019 311 2216 ,s

214 2217 223 2262 f

354 2378 381 2425 1

2063 1076 2271 1162 Idem,
2317 1099 2463 1144 cum
2507 1100 2779 1163 perven-

418 1172 562 1231 tum
619 1170 793 1232 enset
836 1167 905 1230 in
962 1167 1229 1250 saltum,
1290 1168 1359 1232 in
1416 1189 1543 1251 quo
1590 1187 1658 1230 se
1713 1166 1980 1231 barbari
2025 1165 2437 1251 abdiderant,
2490 1167 2781 1232 nobilem

420 1254 627 1320 edidit
687 1277 978 1342 pugnam
1045 1276 1393 1341 regemque
1457 1254 1820 1320 comminus
1885 1277 2032 1320 cum
2105 1255 2297 1321 hoste
2359 1255 2781 1322 dimicantem

420 1344 725 1428 protexit.

837 1343 963 1410 Sed
1026 1349 1377 1430 postquam
1441 1345 1704 1410 barbari
1767 1345 1834 1410 in
1901 1345 2126 1430 fugam
2191 1346 2379 1411 effusi
2441 1346 2780 1412 deseruere

412 1432 647 1517 silvas,
714 1434 996 1518 animus,
1062 1434 1175 1519 qui
1238 1435 1310 1499 in
1374 1434 1601 1499 ardore
1663 1453 1920 1518 pugnae
1985 1455 2216 1518 corpus
2283 1438 2782 1519 sustentaverat,

420 1522 615 1607 liquit
671 1523 1017 1608 subitoque
1070 1545 1148 1587 ex
1204 1523 1506 1588 omnibus
1564 1523 1873 1587 membris
1929 1522 2196 1607 profuso
2243 1523 2477 1590 sudore
2524 1524 2779 1589 arboris

314 1630 381 1680 39
420 1611 755 1694 proximae
802 1611 1017 1696 stipiti
1064 1633 1133 1676 se
1181 1612 1511 1696 adplicuit.
1603 1610 1852 1676 Deinde
1896 1633 1980 1676 ne
2033 1613 2150 1677 illo
2204 1612 2464 1696 quidem
2511 1611 2779 1677 admini-

421 1700 568 1764 culo
627 1700 992 1765 sustinente
1049 1700 1352 1765 manibus
1405 1700 1581 1785 regis
1637 1705 1944 1784 exceptus
2003 1705 2130 1784 est,
2185 1701 2357 1766 inter
2410 1722 2570 1787 quas
2628 1723 2779 1766 con-

419 1788 643 1872 lapsus
701 1788 1121 1874 extinguitur.
1216 1788 1545 1854 Maestum
1607 1809 1830 1874 regem
1896 1789 2063 1854 alius
2125 1789 2300 1855 haud
2361 1790 2526 1855 levis
2590 1789 2782 1854 dolor

312 1897 383 1946 40
424 1877 692 1961 excepit.
781 1877 1087 1964 Erigyius
1142 1878 1313 1942 inter
1359 1878 1568 1944 claros
1625 1878 1817 1943 duces
1871 1877 2110 1944 fuerat:
2170 1899 2361 1962 quem
2417 1879 2776 1944 extinctum

422 1986 562 2031 esse
599 1965 795 2050 paulo
834 1970 1003 2049 ante,
1042 1989 1237 2051 quam
1272 1970 1709 2032 reverteretur
1744 1966 1813 2030 in
1855 1970 2088 2052 castra,
2126 1969 2449 2052 cognovit.
2516 1965 2775 2032 Utrius-

424 2075 544 2138 que
589 2053 783 2120 funus
830 2056 1009 2121 omni
1056 2059 1379 2140 apparatu
1424 2059 1620 2140 atque
1665 2055 1913 2120 honore
1960 2057 2357 2121 celebratum
2403 2060 2517 2120 est.
2527 2075 2572 2136 J

1435 2239 1601 2307 OAP.
1645 2239 1766 2309 ΙΠ.

601 2355 827 2423 Dahas
892 2355 1120 2421 deinde
1178 2359 1501 2422 statuerat
1554 2359 1801 2441 petere:
1866 2356 1963 2421 ibi
2024 2378 2302 2441 namque
2360 2353 2777 2441 Spitamenen
2802 2355 2884 2417 11

426 2467 565 2510 esse
612 2448 1022 2528 cognoverat.
1108 2442 1235 2509 Sed
1279 2445 1449 2510 hanc
1494 2466 1750 2531 quoque
1797 2446 2301 2531 expeditionem,
2347 2448 2422 2510 ut
2465 2446 2774 2531 pleraque

424 2533 580 2617 alia,
645 2532 911 2599 fortuna
974 2532 1369 2617 indulgendo
1435 2535 1497 2600 ei
1559 2556 1918 2620 numquam
1978 2534 2257 2621 fatigata
2322 2556 2443 2617 pro
2507 2535 2776 2599 absente

424 2725 740 2793 eonsilium,
786 2742 906 2795 spes
940 2730 1165 2793 metam,
1209 2724 1412 2797 eiqmdo
1451 2743 1546 2782 ra-

422 2798 625 2852 tionem
659 2796 777 2853 und
812 2796 1096 2867 (18181.-
1132 2798 1394 2866 rarius,
1438 2796 1546 2853 Ge-

424 2869 679 2951 gensatz·
726 2869 952 2923 densam
996 2884 1205 2937 aymen.
1279 2840 1547 2935 Suthule,

420 2938 546 2994 hier
591 2966 660 2986 =
706 2941 931 3005 semim,
978 2940 1288 3007 paulatim,
1342 2940 1403 2993 in
1447 2939 1548 2993 der

420 3009 723 3080 folgenden
768 3009 921 3065 Zeile
978 3010 1240 3080 dagegen
1282 3010 1546 3065 ziemlich

421 3100 463 3136 8.
498 3099 554 3138 v.
590 3098 641 3135 a.
679 3081 989 3136 identidem.

493 3157 580 3207 35.
645 3152 1074 3219 defecerant,
1140 3146 1546 3220 ἀπειρήκεσαν,

422 3238 612 3277 waren
640 3224 909 3278 ermattet
936 3221 1457 3319 zurflckgeblieben.
1476 3252 1544 3263 —-

422 3299 559 3347 tam
601 3294 921 3363 primum,
966 3293 1280 3347 fiber-setae·
1340 3292 1550 3346 ‘eben

420 3364 725 3419 818153-
776 3364 949 3433 quod
1003 3365 1394 3433 adpareret,
1448 3363 1548 3417 der

421 3436 568 3505 conj.
606 3434 716 3489 wie
764 3440 845 3489 12.
886 3438 919 3487 8
966 3435 1081 3488 und
1115 3434 1257 3503 Nep.
1294 3432 1454 3489 Eum.
1494 3440 1545 3487 2.

423 3512 455 3558 2
494 3507 641 3575 quod
674 3506 841 3572 facile
874 3506 1116 3575 intelleyi
1146 3510 1340 3574 posset.

493 3583 579 3631 36.
618 3578 977 3632 comitatae
1012 3581 1147 3631 est.
1178 3592 1263 3631 ..e
1293 3574 1541 3645 potuit.

421 3648 535 3703 Das
589 3648 731 3717 perf.
788 3647 947 3702 stellt
999 3647 1099 3701 das
1158 3645 1545 3701 schliessliche

420 3718 686 3775 Resultat
701 3718 820 3786 dar,
850 3717 989 3773 hebt
1004 3717 1184 3772 daher
1198 3718 1347 3773 noch
1366 3716 1546 3785 mehr,

420 3790 509 3845 als
542 3805 605 3845 88
642 3790 744 3845 das
779 3790 898 3859 imp
898 3787 937 3844 f.
975 3788 1119 3843 thun
1153 3788 1368 3857 wtirde,
1414 3788 1545 3842 her·

419 3876 542 3929 vor,
572 3860 704 3915 dass
730 3807 898 3916 Philp
910 3858 1033 3914 sein
1049 3859 1353 3913 Vorhaben
1376 3857 1546 3912 111-1111-

422 3902 542 3986 licli
574 3931 663 3986 bis
698 3949 768 3985 zu
802 3930 961 3985 Ende
997 3928 1377 3985 durchffihrte.

492 4006 581 4056 38.
647 4002 941 4071 ῑίςωίις
1003 4000 1207 4055 ebenso
1271 4000 1548 4070 linquente

424 4072 698 4128 amimea.
740 4078 785 4127 1.
827 4076 921 4139 153
962 4078 1011 4127 6.
1042 4076 1091 4127 9.
1122 4075 1273 4125 3311.
1307 4075 1357 4126 ὅ.
1398 4070 1546 4125 811118

425 4140 636 4213 Objekt
668 4145 931 4212 (eorpus).
1004 4142 1113 4197 Zur
1150 4140 1330 4196 Sache
1365 4141 1545 4211 vergl.

422 4213 901 4269 Just.15.3.12.

497 4289 583 4338 39.
602 4286 1003 4351 sustinente,
1032 4284 1240 4340 ubera:
1274 4283 1414 4337 ‘ihm
1435 4283 1547 4338 den

1651 2726 1926 2797 1161111883
1942 2726 2085 2780 Halt
2108 2725 2262 2795 gab!
2287 2757 2354 2765 —
2379 2727 2559 2781 inter
2586 2742 2776 2797 qaae,

1652 2797 1766 2867 vgl.
1787 2803 1838 2853 4.
1863 2803 1944 2852 10.
1970 2802 2035 2851 19
2055 2798 2202 2851 inter
2225 2812 2412 2852 socrus
2438 2802 2556 2853 etv.
2578 2814 2778 2851 manas

1654 2869 1899 2937 collapsa
1943 2872 2076 2924 erat.
2117 2898 2183 2907 --
2221 2868 2495 2938 excepit.
2569 2868 2776 2923 1181181·-

1654 2886 1833 2993 satagi
1871 2939 2129 2994 ‘war-tete
2158 2937 2257 2993 des
2274 2938 2491 3007 Kenigs
2496 2938 2778 3009 ’,eigent-

1652 3008 1796 3064 11811.
1834 3008 2030 3063 ‘nahm
2055 3009 2158 3064 1113
2182 2956 2552 3064 unmittelbar
2578 3010 2784 3064 darauf

1652 3080 1715 3133 in
1739 3079 2061 3149 Beschlag'.
2133 3078 2286 3133 Ganz
2321 3080 2526 3135 ebenso
2564 3085 2614 3135 6.
2652 3086 2702 3135 2.
2743 3087 2770 3134 1

1653 3155 1720 3205 at
1753 3166 2004 3220 prmum
2047 3151 2199 3205 curis
2248 3152 2474 3205 laxatas
2518 3157 2596 3206 est
2650 3152 2775 3206 ani-

1653 3237 1799 3347 m.
1833 3236 2084 3347 3533?
2109 3220 2798 3360 &efflatam

1655 3363 1782 3417 belli
1821 3364 2030 3433 excepit
2067 3363 2453 3445 Hispaniense.
2625 3394 2630 3397 -

1724 3438 1813 3490 40.
1861 3434 2224 3505 Eriyyius,
2274 3433 2429 3488 einer
2472 3433 2572 3489 der
2615 3433 2778 3489 tuch-

1652 3503 1867 3575 tigsten
1912 3504 2188 3559 Obersten
2237 3504 2336 3559 der
2377 3505 2637 3560 Reiterei.
2719 3504 2775 3559 S.

1653 3576 1800 3631 oben
1837 3582 1886 3631 7.
1923 3582 1974 3631 4.
2013 3581 2082 3629 34
2119 3575 2226 3630 etc.
2297 3574 2412 3631 Der
2451 3576 2612 3631 nicht
2647 3590 2778 3630 son—

1652 3646 1870 3701 derlich
1894 3645 2387 3716 geschmackvolle
2407 3646 2650 3701 Satzbau
2668 3645 2777 3701 wie

1653 3723 1704 3773 3.
1743 3723 1792 3773 3.
1835 3721 1892 3783 13
1931 3722 1980 3770 6.
2021 3723 2070 3771 6.
2113 3720 2196 3772 15.
2227 3746 2293 3757 --
2331 3718 2406 3772 in
2439 3722 2696 3783 eastra,
2733 3733 2774 3771 s.

2081 3901 2207 3957 Car.
2251 3903 2347 3957 111.

1729 4007 1776 4054 1.
1813 4000 2049 4055 Dahas
2097 4017 2138 4055 s.
2188 4006 2233 4057 1.
2274 4006 2322 4056 6.
2361 4032 2432 4041 —
2459 4001 2778 4069 pleraque

1653 4097 1723 4118 ==
1691 4072 2033 4157 permulta,
2069 4088 2112 4125 s.
2146 4078 2194 4128 6.
2225 4077 2274 4127 9.
2307 4075 2390 4127 35.
2443 4072 2594 4126 Aber
2632 4070 2779 4125 auch

1653 4136 1749 4197 bei
1792 4142 1975 4197 dieser
2024 4142 2286 4198 Auffassu
2409 4141 2508 4196 des
2552 4140 2778 4197 Wortes

1655 4213 1935 4269 erscheint
1963 4214 2062 4269 der
2082 4213 2336 4269 Ausdruc
2402 4212 2549 4267 noch
2576 4212 2780 4282 hyper-

1653 4284 1900 4355 bolisch,
1947 4302 2112 4340 werm
2158 4300 2289 4339 man
2323 4283 2508 4337 zumal
2535 4298 2646 4352 pro
2684 4283 2780 4337 ab·
