3069 4749
14 935 102 993 καί

354 134 480 199 102
1215 175 1220 183 ,
1266 138 1330 199 Q·
1369 134 1591 188 cmm
1624 136 1798 188 Rom

246 315 314 366 10
353 297 854 383 opperiebantur
915 296 1184 362 victoris
1251 296 1613 361 arbitrium.
1702 289 2103 380 Leonnatus,
2170 298 2507 379 expectato
2572 296 2701 381 diu,

351 388 461 471 qui
511 408 578 451 se
625 385 1078 467 introduceret,
1125 388 1470 469 postquam
1507 406 1699 451 nomo
1736 385 2081 468 procedere
2119 385 2417 468 audebat,
2453 385 2700 450 relictis

351 475 421 537 in
469 474 792 539 vestibulo
841 473 1229 538 satellitibus
1275 474 1481 538 intrat
1533 474 1604 537 in
1662 473 2170 539 tabernaculum.
2260 473 2361 539 Ea
2406 474 2551 559 ipsa
2597 496 2699 539 res

349 563 730 628 turbaverat
783 562 1088 645 feminaS,
1157 562 1330 647 quod
1393 562 1715 645 inrupisse
1768 583 1901 627 non
1959 562 2279 627 admissus
2342 562 2705 627 videbatur.

247 670 312 723 11
351 648 583 735 Itaque
629 655 838 716 mater
881 646 948 715 et
993 650 1226 715 coniux
1271 651 1655 735 provolutae
1710 651 1791 715 ad
1847 651 2043 735 pedes
2100 672 2285 717 orare
2332 656 2703 737 coeperunt,

351 736 442 823 ut,
487 740 866 825 priusquam
911 739 1455 823 interficerentur,
1511 738 1713 805 Darei
1759 761 1991 823 corpus
2044 740 2207 825 ipsis
2259 740 2473 825 patrio
2519 762 2701 805 more

353 828 1114 921 sepelire-perudtteret·:‚
1144 828 1400 909 functas
1449 848 1752 911 supremo
1798 828 1868 892 in
1914 848 2134 914 regem
2182 827 2397 893 officio
2446 828 2701 914 inpigre

247 935 314 987 12
355 914 1660 999 esse·ise‚.moriti›11²ab.3.·{AiJLeonnatust
1708 920 1775 981 et
1820 917 2036 982 vivere
2084 914 2369 982 Dareum
2417 920 2482 981 et
2526 916 2700 1001 ipsas

350 1026 508 1085 non,
542 1006 920 1083 incolumes,
934 1004 1143 1084 ,modo
1154 1056 1190 1089 ,.
1239 1006 1357 1092 sed
1408 1006 1603 1069 etiam
1662 1008 1978 1089 apparatu
2032 1005 2343 1089 pristinae
2398 1005 2703 1072 fortunae

353 1085 638 1183 regih‘as
661 1079 828 1181 fore
835 1078 1358 1179 3'1'31313319‘1321212
1389 1091 1589 1158 Darei
1634 1098 1843 1158 mater
1888 1092 2176 1158 adlevari
2224 1115 2292 1159 se
2337 1116 2537 1181 passa
2582 1097 2701 1161 est.

249 1202 315 1253 13
533 1183 899 1248 Alexander
935 1186 1196 1267 postero
1236 1183 1337 1247 die
1375 1204 1520 1247 cum
1560 1204 1714 1247 cura
1750 1182 2021 1265 sepultis
2059 1182 2395 1267 militibus,
2424 1203 2702 1267 quorum
2720 1186 2804 1251 31

355 1291 628 1355 corpora
672 1271 1038 1355 invenerat,
1091 1270 1436 1336 Persarum
1484 1292 1739 1357 quoque
1794 1270 2221 1336 nobilissimis
2268 1271 2540 1336 eundem
2587 1271 2701 1337 ho-

352 1380 578 1424 norem
607 1360 834 1425 haberi
869 1360 1051 1424 iubet
1086 1360 1407 1446 matrique
1436 1358 1633 1424 Darei
1669 1360 2006 1443 permittit,
2046 1382 2207 1443 quos
2236 1360 2451 1443 vellet,
2490 1359 2700 1443 patrio

248 1468 316 1517 14
355 1469 534 1512 more
581 1450 910 1534 sepeliret:
965 1448 1084 1513 illa
1139 1470 1382 1533 paucos
1439 1452 1581 1513 arta
1626 1448 2111 1533 propinquitate
2157 1448 2537 1515 coniunctos
2580 1470 2701 1532 pro

352 1535 584 1601 habitu
629 1536 991 1622 praesentis
1036 1538 1340 1603 fortunae
1384 1536 1642 1603 humari
1696 1537 1906 1622 iussit,
1952 1540 2338 1621 apparatum
2384 1536 2705 1621 funerum,

353 1646 478 1709 quo
517 1626 754 1692 Persae
801 1648 1102 1709 suprema
1147 1626 1363 1691 officia
1409 1626 1827 1709 celebrarent,
1872 1625 2266 1691 invidiosum
2302 1626 2440 1691 fore
2488 1626 2705 1691 existi-

249 1734 314 1783 15
357 1736 557 1799 mans,
605 1737 748 1780 cum
797 1714 1076 1780 victores
1120 1713 1297 1779 haud
1340 1713 1626 1799 pretiose
1671 1717 2127 1781 cremarentur.
2198 1713 2467 1799 Iamque
2512 1714 2705 1779 iustis

353 1802 801 1873 defunctorum
849 1803 1224 1889 corporibus
1264 1803 1493 1868 solutis
1531 1803 1897 1889 praemittit
1934 1803 2015 1867 ad
2052 1804 2362 1888 captivaS,
2400 1802 2509 1887 qui
2548 1826 2708 1869 nun-

351 1890 610 1977 tiarent,
655 1894 872 1978 ipsum
917 1893 1162 1977 venire,
1205 1891 1612 1977 inhibitaque
1660 1892 2120 1969 comitantium
2165 1892 2359 1956 turba
2405 1892 2707 1974 taberna-

248 2000 314 2051 16
353 1980 567 2045 culum
615 2003 758 2047 cum
805 1980 1290 2065 Hephaestione
1335 1981 1561 2045 intrat.
1652 1980 1719 2045 Is
1766 1982 1961 2066 longe
2018 1978 2306 2045 omnium
2354 1980 2709 2046 amicorum

353 2069 726 2134 carissimus
774 2074 916 2135 erat
948 2072 1108 2155 regi,
1155 2092 1301 2134 cum
1337 2069 1480 2154 ipso
1518 2068 1765 2153 pariter
1801 2068 2091 2155 eductus,
2138 2070 2532 2135 secretorum
2572 2091 2707 2135 om-

353 2157 555 2221 nium·⁴
594 2160 863 2224 arbiter:
929 2157 1252 2223 libertatis
1309 2180 1565 2245 quoque
1622 2159 1691 2221 in
1750 2156 2153 2222 admonendo
2220 2179 2294 2222 eo
2352 2180 2487 2223 non
2544 2159 2707 2223 alius

352 2248 557 2329 mayis
603 2248 704 2311 ius
741 2247 1048 2331 habebat,
1093 2246 1264 2331 quod
1300 2250 1524 2314 tamen
1562 2247 1659 2312 ita
1695 2246 2073 2332 usurpabat,
2118 2248 2192 2309 ut
2228 2246 2439 2333 magis
2480 2270 2519 2311 a
2555 2266 2707 2331 rege

353 2334 760 2420 permissum,
807 2358 999 2422 quam
1045 2336 1442 2402 vindicatum
1489 2334 1573 2401 ab
1622 2357 1697 2402 eo
1746 2335 2095 2401 videretur:
2152 2336 2219 2400 et
2279 2334 2449 2402 sicut
2494 2337 2706 2402 aetate

248 2444 316 2496 17
354 2447 476 2508 par
523 2423 684 2490 erat
715 2425 883 2511 regi,
935 2425 1031 2491 ita
1087 2425 1375 2510 corporis
1433 2424 1667 2491 habitu
1723 2425 2117 2508 praestabat.
2206 2423 2388 2508 Ergo
2445 2425 2707 2510 reginae

352 2513 538 2577 illum
577 2535 717 2580 esse
753 2535 975 2600 regem
1020 2517 1206 2579 ratae
1253 2536 1368 2579 suo
1416 2536 1595 2580 more
1641 2518 1985 2580 veneratae
2024 2517 2193 2579 sunt.
2246 2511 2405 2580 Inde
2444 2535 2523 2578 ex
2560 2534 2705 2598 cap-
2767 2519 2771 2522 ’

430 2673 514 2725 10.
571 2685 643 2725 ea
679 2671 833 2740 ipsa
878 2687 1010 2738 ree,
1054 2671 1265 2725 sehon
1311 2669 1475 2724 dies.

357 2738 524 2796 Sinn:
555 2741 738 2796 dieser
757 2741 1033 2797 Umstand
1063 2742 1224 2796 hatte
1243 2741 1476 2811 geniigt,

353 2829 451 2866 um
489 2811 548 2866 in
588 2813 941 2882 Bestiirzung
979 2831 1045 2868 zu
1084 2813 1289 2866 setzen.

431 2887 514 2940 11.
545 2885 631 2940 ad
649 2885 856 2954 pedes
880 2883 1160 2938 natfirlich
1182 2883 1478 2950 Leonnati,

311 2963 318 2972 ·
354 2953 462 3008 wie
491 2955 585 3009 bei
615 2955 725 3009 den
753 2953 1066 3024 Subjekten
1087 2954 1268 3008 Darei
1295 2972 1362 3007 zu
1394 2969 1478 3007 er-

356 3027 573 3106 ganzen
600 3026 692 3081 ist.
714 3056 782 3066 —
805 3040 1109 3094 supremo
1201 3024 1479 3124 offiqio,

355 3101 540 3222 ἕξεί-,ἕ
575 3100 956 3223 Illlirgglpr‘llrg
1001 3096 1305 3222 gfffiar—
1326 3095 1480 3222 ingilg

355 3237 552 3305 faeere,
589 3239 794 3294 solvere
827 3242 882 3306 (ἓ
921 3241 1028 3306 15),
1063 3239 1378 3306 persolvere.

433 3313 516 3364 12.
547 3316 914 3378 apparatu.
943 3309 1056 3364 Der
1069 3307 1298 3362 Ablativ
1320 3307 1481 3362 nicht

355 3377 646 3450 auffallig‚
683 3381 760 3436 da
796 3381 896 3436 der
933 3379 1128 3434 Gen-et.
1169 3378 1260 3434 die
1301 3377 1477 3434 Stelle

357 3449 510 3504 eines
549 3451 845 3520 Adjektivs
881 3449 1128 3506 verti-itt.

431 3526 514 3576 14.
555 3528 736 3589 arta,
773 3521 882 3577 wie
909 3521 1054 3578 Plin.
1085 3537 1214 3590 epp.
1245 3525 1294 3575 3.
1327 3526 1411 3576 11.
1442 3524 1475 3572 ὅ

355 3609 410 3646 a.
437 3593 819 3658 familiaritas.
856 3592 1175 3647 Klassisch:
1205 3597 1334 3646 arta
1353 3591 1476 3646 vin-

356 3664 502 3730 cula,
541 3664 657 3718 curti
693 3665 874 3732 laqwei
908 3681 961 3720 u.
1007 3669 1056 3718 a.
1096 3693 1166 3706 ---
1193 3679 1321 3732 pro
1356 3663 1478 3716 ha·-

359 3735 506 3789 bitu
543 3751 589 3789 c.
630 3751 756 3804 gen.
787 3735 892 3790 wie
933 3741 978 3788 5.
1013 3739 1062 3788 6.
1095 3738 1186 3800 18;
1227 3739 1277 3789 9.
1307 3739 1357 3788 3.
1390 3738 1474 3788 19.

355 3805 580 3862 habitus
624 3803 703 3860 ist
750 3807 841 3862 ein
886 3803 1324 3873 Lieblingawort
1378 3804 1478 3858 des

359 3877 440 3944 0.,
459 3894 501 3932 s.
519 3877 583 3932 E.
603 3882 706 3932 164
722 3874 887 3931 Anm.
911 3905 976 3917 «-
999 3881 1476 3930 cremarentur.

356 3945 462 4002 Die
498 3947 696 4002 Persei·
730 3946 1083 4018 begruben
1116 3945 1242 4001 ihre
1279 3947 1475 4000 Toten.

434 4024 516 4074 15.
555 4019 1026 4086 defunctorum
1063 4034 1106 4072 s.
1148 4021 1230 4071 11.
1273 4023 1330 4084 93
1373 4033 1479 4071 nur

357 4088 484 4142 hier
531 4091 651 4144 und
693 4095 743 4147 4.
793 4094 872 4144 10.
912 4095 983 4144 20
1029 4089 1176 4144 nach
1224 4086 1333 4142 Art
1379 4089 1479 4142 der

359 4159 594 4216 Dichter
613 4161 757 4216 ohne
787 4160 896 4215 den
915 4159 1136 4215 Beisatz
1165 4161 1312 4214 vita
1339 4158 1479 4214 oder

358 4235 580 4285 morte.
633 4261 700 4272 --
746 4233 1189 4302 inhibitaque.
1269 4247 1372 4300 que
1408 4253 1478 4274 π

360 4300 477 4355 und
512 4300 649 4356 bald
687 4302 900 4358 darauf.
1059 4309 1064 4316 '

1662 2675 1745 2725 16.
1774 2669 2054 2724 eductus
2080 2668 2159 2722 ist
2178 2667 2589 2737 ‘ausgezogen’‚
2608 2667 2705 2722 da-

1587 2757 1772 2811 gegen
1807 2742 2071 2796 educatus
2092 2765 2161 2788 τε
2181 2739 2483 2808 ‘ermogen’.
2502 2769 2573 2780 --·
2592 2753 2671 2794 ar
2686 2769 2707 2782 -

1589 2813 1765 2867 biter
1800 2811 1913 2881 vgl.
1948 2819 1995 2867 6.
2028 2816 2077 2876 8,
2104 2817 2167 2866 11
2206 2811 2329 2867 arb.
2356 2826 2707 2869 ammonem.

1587 2881 1860 2938 —Arrian
1872 2881 2087 2938 erzahlt
2107 2883 2353 2936 dieselbe
2366 2881 2709 2936 Geschichte

1587 2954 1673 3008 als
1703 2953 1826 3008 eine
1854 2951 2017 3008 nicht
2034 2969 2179 3022 ganz
2200 2950 2707 3022 unglaubwiirdige

1590 3025 1763 3093 Sage;
1803 3022 1955 3077 seine
1983 3023 2183 3077 beaten
2205 3021 2707 3078 Gewahrsmanner

1587 3093 1791 3148 wissen
1826 3091 2049 3147 freilich
2084 3091 2274 3156 nichts
2313 3091 2514 3148 davon.
2574 3093 2706 3148 Sein

1586 3163 1823 3219 Bericht‘
1843 3161 1949 3217 wie
1972 3162 2308 3219 andrerseits
2331 3162 2431 3215 der
2450 3162 2549 3216 des
2572 3163 2704 3217 Dio·

1588 3235 1691 3289 dor
1736 3233 1959 3288 stimmt
2004 3233 2083 3287 im
2128 3233 2549 3288 Wesentlichen
2598 3234 2706 3288 mit

1588 3307 1685 3362 der
1721 3305 2087 3375 Darstellung
2124 3305 2221 3358 des
2258 3303 2316 3358 C.
2354 3303 2604 3359 fiberein.
2636 3333 2705 3346 ...-

1588 3377 1941 3433 libertatis
1960 3401 2026 3422 ==
2054 3371 2371 3445 παᾴῥησίας
2400 3375 2507 3428 wie
2536 3379 2585 3430 8.
2620 3381 2708 3430 14.

1585 3454 1656 3502 42
1712 3467 1765 3503 u,
1823 3447 1995 3502 ofters
2054 3445 2417 3502 andenam.
2476 3477 2541 3486 -
2596 3448 2709 3502 ius

1585 3517 1693 3574 mit
1712 3520 1839 3573 dem
1856 3516 2093 3572 Genetiv
2115 3517 2383 3572 libertatis
2402 3517 2547 3570 auch
2568 3517 2706 3574 Sall.

1588 3589 1708 3644 Cat.
1736 3594 1822 3645 37.
1854 3595 1907 3658 9,
1933 3589 2041 3642 mit
2063 3589 2259 3644 habere
2288 3605 2332 3642 z.
2355 3589 2415 3644 B.
2448 3587 2550 3643 Ov.
2571 3591 2705 3644 met.

1556 3666 1673 3716 -15.
1713 3665 1834 3716 880.
1895 3691 1964 3700 -
2018 3660 2403 3728 usurpabat
2439 3683 2507 3706 πει
2554 3677 2706 3714 aus-

1586 3733 1775 3800 flbte,
1826 3731 2153 3804 benutate
2186 3731 2295 3785 wie
2334 3735 2383 3786 8.
2425 3736 2508 3785 12.
2548 3735 2580 3784 6
2614 3733 2709 3785 ius

1586 3805 1781 3858 datum
1834 3819 2124 3872 usurpare.
2182 3832 2249 3842 —
2306 3802 2707 3871 permissum

1589 3875 1641 3930 d.
1676 3874 1736 3928 h.
1775 3874 1837 3928 in
1864 3873 2058 3943 jedem
2095 3873 2381 3928 einzelnen
2416 3871 2592 3924 Falle'
2611 3889 2704 3925 zu·

1588 3945 1919 4014 gestanden,
1940 3945 2060 3998 ihm
2081 3943 2455 4014 eingeraumt3
2488 3941 2703 4008 Gegan-

1588 4018 1710 4070 satz
1727 4037 1743 4068 .·
1776 4016 2118 4070 vindicatum
2156 4015 2208 4068 d.
2250 4015 2304 4069 h.
2345 4029 2453 4067 von
2487 4011 2605 4064 ihm
2643 4012 2703 4067 in

1586 4087 1884 4156 Anspruch
1929 4102 2279 4155 genommen.
2318 4113 2385 4126 --
2428 4083 2607 4137 sicut
2648 4122 2702 4138 ..

1533 4201 1541 4208 .
1586 4160 1713 4223 ita,
1751 4156 2089 4223 adversativ,
2128 4174 2169 4210 s.
2210 4154 2273 4209 E.
2316 4158 2434 4209 141.

1661 4233 1746 4283 17.
1782 4243 1898 4283 suo
1936 4253 2005 4274 π
2046 4227 2295 4292 Pei-siem
2342 4223 2595 4295 gemeint
2629 4224 2707 4278 ist

1588 4298 1681 4354 die
1712 4293 2099 4370 προςκύνησις.
2132 4327 2197 4338 —-
2232 4313 2309 4352 ex
2344 4301 2514 4366 capt.
2554 4313 2706 4365 spa-
