3069 4749
208 887 290 952 17

875 98 1387 154 HISTORIARUM
1422 98 1858 154 ALEXANDRI
1889 100 2012 169 VII,
2050 106 2100 154 4.
2581 98 2662 164 71

310 266 510 331 habes
567 262 779 327 fidele:
847 260 1019 347 quod
1076 260 1321 325 diutius
1386 261 1614 345 exequi
1671 282 2135 345 supervacuum
2189 263 2306 327 est.
2404 261 2668 327 Nobilis

310 374 513 438 equus
567 352 803 417 umbra
856 370 1115 434 quoque
1168 349 1393 433 virgae
1447 350 1726 434 regitur,
1780 350 2054 435 ignavus
2109 372 2192 416 ne
2247 350 2486 416 calcari
2532 351 2668 436 qui-

311 443 461 508 dem
532 438 849 505 concitari
920 436 1184 522 potest'.

1298 436 1540 503 Bessus
1613 441 1680 502 et
1753 438 2018 523 ingenio
2084 442 2150 505 et
2213 440 2420 504 multo
2485 460 2666 504 mero
2708 461 2772 509 19

308 531 495 595 ferox
550 528 711 593 adeo
768 526 1039 611 exarsit,
1104 530 1177 591 ut
1230 526 1343 591 vix
1408 526 1489 591 ab
1555 526 1810 611 amicis,
1875 548 2000 610 quo
2065 529 2281 593 minus
2347 527 2668 594 occideret

311 641 479 703 eum,
512 654 588 665 ·-
621 638 775 681 nam
804 614 1157 681 strinxerat
1193 635 1449 700 quoque
1482 615 1811 681 acinacem
1846 650 1921 663 -
1957 616 2410 681 contineretur.
2476 614 2666 681 Certe

312 707 613 773 convivio
658 703 963 789 prosiluit
1007 701 1509 789 haudquaquam
1551 706 1784 789 potens
1821 703 2078 770 mentis.
2169 701 2459 771 Gobares
2493 706 2668 770 inter

310 794 666 861 tumultum
711 794 971 877 elapsus
1020 792 1103 857 ad
1147 790 1594 857 Alexandrum
1639 792 2018 877 transfugit.
2032 804 2068 819 ‘

490 901 615 948 vm
669 882 855 947 milia
917 880 1419 947 Bactrianorum
1481 880 1770 947 habebat
1833 884 2085 947 armata
2148 880 2417 959 Bessus:
2482 904 2664 965 quae,
2703 903 2773 951 2ο

314 972 620 1057 quamdiu
671 974 941 1054 propter
985 969 1149 1035 caeli
1202 970 1656 1053 intemperiem
1708 969 1964 1035 Indiam
2017 971 2238 1054 potius
2273 968 2665 1035 Macedonas

310 1060 633 1145 petituros
672 1058 1107 1142 crediderant,
1143 1058 1563 1123 oboedienter
1599 1059 1922 1143 imperata
1957 1058 2272 1124 fecerunt:
2318 1064 2667 1143 postquam

311 1149 661 1214 adventare
716 1147 1157 1212 Alexandrum
1216 1150 1600 1232 conpertum
1654 1152 1781 1230 est,
1835 1148 1906 1211 in
1960 1170 2113 1213 suos
2175 1148 2442 1233 quisque
2487 1148 2666 1212 vicos

312 1237 553 1321 dilapsi
587 1236 865 1301 Bessum
900 1235 1321 1319 reliquerunt.
1392 1235 1515 1300 Ille
1555 1258 1700 1301 cum
1737 1198 2076 1301 clientium
2120 1258 2340 1321 manu,
2387 1237 2497 1320 qui
2533 1257 2666 1300 non
2702 1258 2770 1309 21

308 1329 725 1391 mutaverant
788 1325 1007 1407 fidem,
1082 1323 1221 1389 Oxo
1288 1346 1475 1389 amne
1542 1328 1852 1408 superato
1917 1325 2290 1409 exustisque
2365 1325 2666 1410 navigiis,
2783 1384 2788 1390 .

310 1414 545 1499 quibus
591 1413 971 1497 transierat,
1022 1434 1107 1477 ne
1151 1411 1389 1477 iisdem
1431 1412 1644 1479 hostis
1691 1416 2010 1493 uteretur,
2063 1434 2267 1479 novas
2315 1414 2538 1497 copias
2595 1414 2668 1479 in

306 1500 657 1588 Sogdianis
706 1501 1150 1567 contrahebat.

482 1590 853 1655 Alexander
889 1588 1249 1655 Caucasum
1297 1590 1576 1673 quidem,
1621 1593 1698 1654 ut
1745 1612 1942 1675 supra
1985 1590 2234 1656 dietum
2279 1594 2396 1669 est,
2442 1594 2658 1655 trans·
2697 1612 2764 1661 22

305 1671 499 1763 ierat,
556 1679 666 1744 sed
724 1678 947 1763 inopia
1000 1678 1310 1743 frumenti
1359 1680 1669 1764 [quoque]
1701 1700 1918 1763 prope
1965 1679 2050 1743 ad
2109 1679 2349 1745 famem
2392 1683 2660 1743 ventum

306 1771 465 1833 erat.
556 1765 725 1833 Suco
779 1789 858 1831 ex
905 1788 1158 1831 sesama
1215 1788 1519 1851 expresso
1577 1766 1752 1833 haud
1799 1788 1983 1832 secus
2041 1788 2232 1850 quam
2283 1768 2424 1833 oleo
2482 1771 2660 1833 artus
2700 1789 2769 1838 23

925 1853 1050 1920 Sed
1112 1853 1305 1919 huius
1362 1855 1500 1921 suci
1565 1854 1827 1921 ducenis
1891 1854 2324 1940 quadragenis
2383 1856 2660 1921 denariis

303 1857 820 1941 pei-unguebant.

306 1945 659 2028 amphorae
699 1944 1021 2029 singulae,
1068 1942 1283 2007 mellis
1321 1944 1605 2009 denariis
1641 1944 1920 2009 trecenis
1957 1944 2345 2030 nonagenis,
2381 1946 2661 2009 trecenis

302 2032 442 2097 vini
506 2032 1048 2097 aestimabantur:
1111 2032 1314 2097 tritici
1378 2032 1544 2098 nihil
1601 2038 1716 2099 aut
1780 2032 2128 2098 admodum
2194 2034 2500 2119 exiguum
2563 2056 2661 2099 re·

304 2121 696 2204 petiebatur.
787 2119 967 2186 Siros
1012 2120 1340 2187 vocabant
1382 2121 1648 2187 barbari
1691 2121 1947 2206 31301133,
2000 2142 2163 2205 quos
2220 2122 2315 2187 ita
2363 2123 2662 2189 sollerter
2698 2143 2769 2192 24

184 2226 193 2237 ·
304 2209 736 2293 abscondunt,
790 2214 891 2294 ut,
944 2209 1074 2274 nisi
1122 2210 1233 2295 qui
1280 2208 1691 2295 defoderunt,
1737 2211 2027 2275 invenire
2071 2231 2206 2276 non
2251 2211 2536 2294 possint:
2591 2212 2662 2275 in

304 2297 407 2363 his
448 2298 745 2365 conditae
790 2297 1011 2385 fruges
1052 2301 1255 2365 erant.
1327 2297 1407 2363 In
1446 2321 1720 2384 quarum
1767 2299 2034 2384 penuria
2071 2298 2314 2364 milites
2353 2300 2658 2365 fluviatili

302 2387 479 2474 pisce
528 2393 592 2452 et
633 2389 859 2454 herbis
906 2388 1409 2454 sustinebantur.
1481 2388 1752 2474 Iamque
1797 2387 1960 2454 haec
2005 2389 2151 2474 ipsa
2197 2389 2512 2454 alimenta
2557 2391 2659 2454 (13-
2699 2411 2766 2460 25

302 2475 609 2561 fecerant,
629 2499 774 2544 cum
803 2479 1115 2561 iumenta,
1141 2477 1375 2562 quibus
1397 2499 1596 2544 onera
1621 2478 1992 2562 portabant,
2011 2477 2278 2544 caedere
2296 2478 2459 2544 iussi
2481 2483 2659 2544 sunt:

307 2701 637 2756 Alexander-⁹
639 2718 668 2757 3
686 2701 1113 2772 Entscheidung
1137 2703 1297 2758 nicht
1321 2705 1427 2758 mit

305 2771 625 2898 Siehqreheit
714 2776 1119 2842 vorausgesagt
1203 2773 1429 2828 werden

302 2845 457 2900 konn

378 2921 461 2970 18.
498 2913 697 2968 habes
729 2937 801 2958 ==
836 2913 1119 2970 audivisti.
1181 2911 1431 2984 Vg1.sio

300 2985 509 3040 habeto.
532 3015 598 3024 -—
632 2984 867 3038 umbra
900 2999 1178 3054 quoque,
1214 3001 1257 3039 3.
1279 2983 1427 3040 Ε1111.

304 3061 335 3121 5
376 3061 447 3110 46
484 3072 539 3125 g.
578 3056 741 3108 Anm.
784 3061 829 3110 1.

376 3131 461 3182 19.
492 3127 829 3192 convivio,
858 3126 1007 3195 poet.
1036 3143 1088 3181 u.
1114 3127 1426 3184 nachelass.

297 3198 390 3252 fiir
436 3215 465 3252 e
520 3198 797 3264 convvi-vie,
846 3214 873 3251 e
917 3198 1111 3253 mediis
1164 3199 1423 3254 convivis.

300 3269 429 3339 Vgl.
464 3274 515 3325 8.
554 3274 605 3323 5.
647 3275 678 3324 9
718 3269 965 3324 convivio
1000 3284 1283 3338 egressum.

370 3346 457 3394 20.
523 3341 597 3394 in
663 3355 819 3395 suos
882 3340 1166 3409 quisque
1226 3341 1423 3396 vicos.

300 3409 579 3466 Aehnlich
618 3417 665 3466 6.
708 3417 791 3466 11.
830 3416 862 3466 2
910 3412 1031 3465 suis
1076 3411 1302 3493 quisque
1338 3412 1427 3466 de-

298 3481 571 3536 versoriis.
636 3479 766 3551 Vgl.
797 3481 943 3537 auch
972 3479 1064 3536 die
1099 3480 1229 3537 krit.
1257 3481 1424 3536 Anm.

301 3569 372 3604 zu
398 3557 448 3604 3.
469 3557 520 3604 3.
542 3557 627 3606 25.
673 3552 939 3624 Analog’
920 3571 1001 3608 113
1022 3551 1427 3608 Griechischen

301 3620 430 3676 213.
451 3621 655 3704 ῌ31611.
685 3629 734 3676 4.
768 3628 850 3678 13.
874 3631 941 3680 16
970 3621 1158 3694 οἱμὲν
1188 3621 1427 3686 ἕκαστος

302 3689 385 3754 εἰς
420 3687 525 3754 τὰς
562 3690 654 3746 στέ
656 3712 763 3761 νας
808 3690 1147 3765 ἐπανῄεσαν.
1220 3695 1427 3750 Arrian

299 3762 460 3830 giebt
524 3761 615 3817 die
670 3763 811 3818 Zahl
872 3765 970 3820 der
1022 3763 1265 3821 Baktrer
1329 3764 1425 3820 bei

299 3832 503 3888 Bessus
550 3832 655 3888 auf
684 3835 831 3888 etwa
867 3840 1005 3890 7000
1041 3852 1113 3891 311
1166 3836 1282 3892 und
1328 3838 1423 3892 be-

299 3904 557 3960 zeichnet
592 3902 682 3959 die
716 3905 935 3960 clientes
963 3909 1017 3973 (ἓ
1036 3907 1129 3975 21)
1157 3923 1421 3976 genauer.

371 3980 457 4030 21.
494 3976 569 4030 in
606 3975 1002 4045 SoydianiS,
1038 3994 1079 4032 s.
1120 3977 1266 4032 oben
1302 3981 1335 4042 ἓ
1369 3983 1418 4034 5.

369 4053 455 4100 22.
493 4063 729 4116 supra,
765 4045 1019 4102 1131311611
1054 4053 1103 4102 3.
1143 4053 1229 4102 22.

371 4116 1421 4174 2333331311.11311116113113333133111

298 4183 612 4258 (σήσαμον).
686 4188 805 4242 Aus
853 4190 953 4244 der
986 4188 1197 4244 Frucht
1237 4188 1424 4244 dieser

300 4257 757 4329 schotenartigen
800 4258 1024 4314 Pflanze
1080 4259 1271 4314 wurdo
1326 4257 1421 4314 313

1532 2706 1698 2774 gates
1753 2703 1858 2758 031
1911 2705 2301 2774 33913333-
2349 2708 2661 2775 exiguum

1532 2775 1640 2830 wie
1686 2776 1946 2844 mquam
1990 2777 2165 2861 spatii
2199 2776 2320 2831 Liv.
2358 2783 2446 2832 22.
2483 2783 2570 2834 24.
2608 2783 2658 2832 8.

1606 2851 1693 2902 24.
1731 2847 1907 2901 siros
1974 2843 2211 2917 σιρούς),
2259 2847 2312 2900 (1.
2351 2846 2387 2900 i.
2433 2846 2662 2904 Gruben

1534 2935 1630 2972 zur
1682 2915 1960 2972 Aufbewa
2001 2935 2148 2988 rung
2208 2934 2323 2973 von
2377 2916 2656 2976 Getreide.

1536 2987 1760 3043 Sorobis
1796 3013 1864 3036 ==
1894 2993 2100 3057 puteus
2143 2990 2532 3044 subterraneus
2579 2988 2658 3044 ist

1577 3075 1662 3115 en.
1701 3059 2026 3115 communis.
2095 3058 2521 3117 Rflcksiehtlich
2558 3058 2660 3115 der

1581 3133 1748 3184 onstr.
1797 3130 1911 3201 vgl.
1962 3136 2010 3184 3.
2050 3136 2100 3186 3.
2143 3136 2234 3197 193
2283 3136 2334 3184 3.
2375 3136 2458 3185 13.
2500 3136 2546 3186 7.
2588 3162 2655 3172 -

1534 3201 1957 3267 defoderunt.
2040 3201 2154 3258 Das
2189 3201 2356 3256 Wort
2400 3200 2507 3256 mit
2545 3201 2658 3256 ob-

1526 3269 1726 3340 jekten
1778 3270 1884 3326 wie
1928 3287 2170 3341 specum,
2225 3273 2487 3339 scrobem,
2537 3287 2656 3342 spe-

1534 3343 1755 3398 luncam
1804 3341 1881 3398 ist
1923 3344 2075 3412 poet.
2121 3361 2175 3398 u.
2221 3342 2655 3429 nachclassisch.

1534 3444 1602 3456 «-
1644 3414 1734 3468 In
1769 3431 2051 3485 quarum
2077 3415 2403 3483 penuria,
2449 3413 2557 3469 wie
2593 3416 2658 3468 in

1532 3485 1639 3539 tali
1687 3502 1773 3552 re,
1831 3487 1895 3538 in
1943 3487 2216 3540 communi
2260 3486 2538 3555 pei-icum,

1530 3570 1746 3610 summa
1794 3571 2050 3611 armonae
2093 3557 2348 3622 caritate,
2403 3557 2468 3611 in
2511 3572 2657 3612 nova

1531 3625 1886 3682 deditionem
1917 3631 1986 3695 a,
2025 3625 2289 3682 deutsch.
2325 3626 2655 3682 inmitten

1532 3695 1717 3751 dieser
1752 3669 2170 3766 Verhffltnisse,
2204 3696 2416 3752 Gefahr
2451 3700 2557 3752 etc.

1604 3772 1690 3824 25.
1738 3785 1876 3824 cum
1925 3810 1937 3822 .
1989 3809 2000 3821 .
2051 3810 2064 3822 .
2111 3769 2288 3824 iussi
2340 3775 2499 3823 sunt
2555 3768 2655 3822 ‘da

1530 3838 1720 3892 wurde
1769 3837 2120 3895 schliesslich
2166 3839 2266 3893 der
2311 3837 2512 3894 Befehl
2555 3854 2652 3908 g-e

1530 3909 1756 3978 geben.
1822 3907 1937 3964 Der
1973 3909 2097 3964 'Pon
2131 3909 2268 3964 ruht
2305 3909 2409 3964 auf
2440 3909 2654 3964 diesem

1531 3979 1874 4061 Satzgliede,
1925 3980 2018 4036 dio
2056 3980 2343 4063 Tssdtung
2360 3980 2459 4034 der
2493 3980 2653 4034 Last-

1527 4049 1712 4106 thiere
1739 4067 1860 4108 war
1892 4051 1955 4105 in
1986 4050 2085 4105 der
2115 4051 2265 4105 That
2293 4050 2417 4106 eine
2455 4051 2654 4106 ultima

1526 4122 1788 4178 911110.-
1815 4121 2418 4190 portabantaesieh
2453 4123 2656 4190 tragen

1525 4191 1747 4248 liessen.
1803 4193 2026 4248 Andere
2056 4191 2338 4246 3111131331
2365 4193 2432 4258 ii,
2457 4192 2657 4260 quibus

1528 4261 1611 4330 (in
1633 4262 1804 4318 deren
1822 4263 2121 4331 Interesse)
2140 4277 2310 4318 onera
2331 4263 2652 4332 portabam,
