3069 4749
899 171 1399 224 HISTORIARUM
1436 172 1858 226 ALExANDRI
1895 173 1989 238 IV,
2030 176 2115 228 15.
2550 171 2676 236 167
2781 207 2786 212 -

325 354 557 420 perare
602 352 736 397 non
788 335 1124 415 poterant,
1178 334 1368 417 plura
1426 332 1622 398 simul
1685 333 1964 418 abrupta
2018 355 2058 397 a
2111 334 2342 398 ceteris
2394 333 2676 418 agmina,

326 423 713 506 ubicumque
761 421 959 486 alium
1016 422 1127 486 alii
1171 421 1305 487 fors
1362 421 1740 505 miscuerat,
1795 421 2205 487 dimicabant.
2294 422 2444 488 Duo
2489 443 2676 508 reges
2715 431 2784 481 23

327 511 567 576 iunctis
611 530 817 595 prope
864 509 1236 594 agminibus
1282 511 1604 593 proelium
1651 511 2093 576 accenderant.
2163 510 2392 576 Plures
2437 511 2678 577 Persae

328 599 676 682 cadebant,
728 620 849 683 par
899 597 1101 664 ferme
1156 600 1481 683 utrimque
1532 620 1844 664 numerus
1903 599 2381 665 vulnerabatur.
2471 598 2679 665 Curru

327 688 600 772 Dareus,
636 686 1004 752 Alexander
1038 709 1204 774 equo
1240 687 1628 754 vehebatur:
1672 691 2018 772 utrumque
2063 688 2291 753 delecti
2329 689 2676 754 tuebantur
2713 697 2785 746 24

330 777 431 842 sui
467 777 878 855 inmemoreS,
924 776 1165 862 quippe
1202 777 1442 843 amisso
1486 797 1640 862 rege
1677 797 1796 842 nec
1831 778 2143 842 volebant
2179 776 2344 842 salvi
2381 798 2521 842 esse
2558 798 2677 842 nec

331 868 658 949 poterant.
747 861 921 929 Ante
976 865 1197 930 oculos
1252 865 1353 930 sui
1406 865 1680 952 quisque
1733 866 1912 952 regis
1963 869 2243 931 mortem
2298 867 2677 931 occumbere

332 954 611 1019 ducebat
656 953 1005 1039 egregium
1094 953 1453 1019 Maximum
1496 957 1722 1019 tamen
1764 953 2118 1039 periculum
2165 953 2460 1040 adibant,
2516 977 2678 1039 quos
2713 963 2784 1013 25

331 1043 613 1107 maxime
656 1042 1035 1127 tuebantur,
1090 1042 1327 1128 quippe
1383 1042 1510 1108 sibi
1564 1043 1835 1127 quisque
1889 1043 2062 1108 caesi
2110 1043 2285 1130 regis
2333 1044 2679 1129 expetebat

218 1133 312 1200 59
333 1132 543 1196 decus.
626 1129 967 1233 Ceterum,
1022 1132 1160 1196 sive
1216 1131 1571 1196 ludibrium
1625 1131 1959 1196 oculorum
2025 1131 2160 1198 sive
2213 1153 2369 1211 vera
2431 1132 2678 1216 species
2714 1141 2784 1190 26

330 1219 485 1304 fuit,
532 1219 644 1304 qui
690 1219 863 1284 circa
904 1219 1349 1285 Alexandrum
1393 1223 1605 1303 erant,
1650 1220 1889 1285 vidisse
1945 1241 2012 1285 se
2067 1220 2479 1285 crediderunt
2521 1243 2678 1306 pau-

328 1308 489 1373 lum·
515 1330 709 1394 super
754 1311 951 1392 caput
983 1308 1160 1395 regis
1204 1308 1458 1393 placide
1494 1310 1824 1374 volantem
1870 1309 2156 1393 aquilam
2200 1331 2332 1375 non
2379 1330 2539 1375 sono
2577 1332 2677 1375 ar-

330 1417 607 1482 morum,
650 1416 783 1461 non
830 1397 1077 1482 gemitu
1115 1397 1532 1462 morientium
1576 1397 1901 1464 territam:
1948 1397 2182 1482 diuque
2229 1398 2398 1464 circa
2443 1420 2680 1483 equum

330 1485 688 1552 Alexandri
723 1485 1031 1569 pendenti
1066 1486 1296 1570 magis,
1334 1507 1527 1571 quam
1563 1483 1819 1552 volanti
1857 1486 2089 1551 similis
2127 1486 2442 1571 adparuit.
2490 1485 2679 1552 Certe
2716 1496 2786 1546 27

330 1579 515 1639 vates
560 1574 945 1640 Aristander
991 1575 1141 1640 alba
1192 1578 1371 1640 veste
1424 1574 1691 1640 indutus
1747 1579 1816 1640 et
1860 1575 2085 1640 dextra
2128 1574 2496 1661 praeferens
2539 1575 2679 1640 lau-

330 1685 508 1729 ream
574 1663 893 1728 militibus
948 1663 1017 1728 in
1068 1683 1359 1748 pugnam
1421 1663 1696 1728 intentis
1751 1685 1938 1729 avem
1998 1664 2440 1748 monstrabat,
2503 1664 2680 1730 haud

331 1751 601 1817 dubium
646 1751 959 1817 victoriae
1006 1752 1381 1836 auspicium.
1470 1751 1716 1836 Ingens
1771 1773 1926 1838 ergo
1981 1753 2282 1818 alacritas
2333 1755 2402 1817 et
2442 1753 2680 1818 fiducia
2717 1762 2786 1811 28

326 1842 522 1924 paulo
592 1843 746 1905 ante
806 1840 1073 1905 territos
1139 1840 1433 1906 accendit
1497 1840 1579 1906 ad
1647 1861 1972 1927 pugnam,
2044 1841 2270 1925 utique
2330 1844 2681 1925 postquam

331 1929 559 2014 auriga
622 1927 853 2013 Darei,
916 1930 1025 2014 qui
1085 1933 1235 1994 ante
1298 1929 1513 2014 ipsum
1581 1929 1806 1994 sedens
1867 1950 2067 2022 equos
2121 1929 2417 2015 regebat,
2483 1929 2677 1995 hasta

328 2018 685 2082 transfixus
732 2021 849 2082 est.
907 2017 1046 2083 Nec
1083 2021 1198 2082 aut
1231 2017 1468 2083 Persae
1506 2021 1623 2083 aut
1657 2013 2041 2084 Macedones
2081 2017 2475 2101 dubitavere,
2522 2018 2680 2103 quin

327 2106 474 2189 ipse
518 2127 631 2171 rex
678 2108 849 2171 esset
896 2107 1165 2173 occisus.
1220 2105 1404 2192 Ergo
1450 2107 1714 2191 lugubri
1758 2107 2014 2172 ululatu
2061 2110 2128 2172 et
2171 2069 2505 2172 incondit'o
2553 2107 2678 2172 cla·
2715 2118 2788 2167 29

329 2215 511 2259 more
550 2195 921 2280 gemituque
958 2199 1166 2260 totam
1211 2195 1345 2260 fere
1393 2195 1597 2260 aciem
1634 2195 1845 2261 adhuc
1881 2217 2089 2281 aequo
2123 2195 2338 2260 Marte
2383 2215 2680 2298 pugnan-

328 2283 495 2348 tium
539 2283 881 2348 turbavere
928 2283 1193 2369 cognati
1227 2283 1429 2350 Darei
1465 2287 1533 2348 et
1567 2284 1901 2369 armigeri.
1948 2286 2329 2369 laevumque
2367 2305 2566 2349 cornu
2610 2285 2680 2350 in

326 2370 553 2457 fugam
599 2372 873 2439 effusum
921 2372 1304 2439 destituerat
1338 2394 1614 2457 currum,
1660 2396 1852 2459 quem
1890 2396 1930 2439 a
1965 2373 2192 2439 dextra
2226 2378 2426 2458 parte
2449 2372 2680 2459 stipati

330 2461 399 2525 in
445 2461 729 2527 medium
777 2482 1010 2547 agmen
1054 2466 1450 2547 receperunt.
1540 2462 1797 2528 Dicitur
1843 2463 2106 2529 acinace
2153 2464 2381 2527 stricto
2425 2461 2679 2528 Dareus
2717 2474 2786 2524 3ο

328 2549 688 2633 dubitasse,
744 2570 827 2615 an
883 2550 1077 2635 fugae
1124 2550 1397 2616 dedecus
1442 2551 1724 2617 honesta
1766 2555 1974 2617 morte
2020 2552 2274 2618 vitaret.
2343 2549 2468 2615 Sed
2524 2552 2681 2617 emi-

328 2658 491 2703 nens
536 2660 727 2704 curru
772 2639 1064 2704 nondum
1111 2638 1370 2705 omnem
1417 2660 1684 2705 suorum
1729 2640 1934 2704 aciem
1978 2641 2226 2723 proelio
2265 2640 2678 2705 excedentem

329 2726 681 2794 destituere
736 2728 1183 2813 erubescebat,
1240 2729 1519 2812 dumque
1573 2728 1745 2792 inter
1800 2749 1981 2811 spem
2040 2731 2108 2792 et
2161 2728 2679 2812 desperationem

328 2814 631 2900 haesitat,
678 2816 921 2881 sensim
964 2815 1200 2881 Persae
1248 2816 1565 2882 cedebant
1610 2820 1676 2880 et
1719 2817 2100 2881 laxaverant
2145 2816 2420 2880 ordines.
2483 2816 2676 2881 Alex·
2714 2828 2783 2877 31

328 2904 529 2969 ander
589 2908 845 2971 mutato
901 2926 1099 2989 equo,
1164 2906 1403 2990 quippe
1465 2906 1684 2991 plures
1747 2904 2170 2991 fatigaverat,
2233 2904 2678 2969 resistentium

328 3183 421 3240 die
466 3184 830 3256 Verwirrung
878 3184 978 3239 der
1032 3184 1224 3255 persi
1240 3204 1265 3241 s
1280 3185 1450 3241 chen
1558 3185 1660 3241 das
1697 3184 1962 3242 Erzahlte
2006 3185 2223 3267 gethan
2267 3182 2454 3239 haben
2491 3184 2674 3239 sollte.

331 3254 872 3353 Schlachtordnung.
903 3256 1117 3326 plura
1146 3258 1349 3313 simul
1373 3256 1452 3311 ist
1559 3258 1994 3323 —lauream,
2038 3256 2144 3309 wie
2181 3255 2440 3312 verbenas
2479 3254 2542 3309 in
2578 3255 2677 3313 dor

330 3342 399 3380 zu
409 3326 745 3383 verbinden.
753 3325 1449 3399 ‘gleichzeitigmehrere’.
1559 3327 1712 3384 ‘ahnL
1751 3326 1928 3383 Stelle
1970 3331 2178 3383 13.15.

401 3420 489 3471 23.
528 3417 981 3472 accenderant
1016 3414 1125 3471 wie
1162 3421 1193 3481 ξ
1234 3408 1327 3481 19“;
1355 3421 1452 3484 283
1632 3420 1718 3471 29.
1757 3416 2034 3497 coynatp‘
2066 3416 2283 3471 Darei
2319 3434 2362 3471 s.
2391 3414 2536 3471 Anh.
2564 3416 2605 3471 I.
2633 3421 2680 3471 1.

330 3490 383 3541 5.
421 3492 469 3542 2.
511 3491 561 3543 5.
1559 3472 1806 3541 Ahmioh
1842 3486 1919 3541 ist
1952 3485 2045 3541 die
2085 3487 2457 3555 Sohilderung
2492 3486 2678 3542 dieser

402 3580 488 3630 24.
547 3576 818 3645 amisso,
866 3573 1271 3646 hypothetiseh
1306 3592 1349 3631 s.
1388 3574 1450 3630 Ε.
1564 3556 1740 3613 Scene
1783 3556 1878 3612 bei
1922 3554 2044 3612 Arr-
2083 3563 2133 3613 3
2175 3564 2237 3612 11
2289 3576 2342 3613 u
2390 3557 2678 3613 Diod-1⁷·

338 3652 438 3701 125
476 3647 641 3701 Anm
1563 3633 1648 3682 59.
1707 3658 1776 3669 —
1840 3643 2074 3698 cornu,
2136 3628 2430 3699 hyperbol.
2493 3628 2584 3682 ffir
2641 3645 2679 3683 a

332 3735 837 3863 gangem
860 3734 974 3862 ᾗς
1008 3734 1344 3863 Lssissrenth
1357 3734 1454 3804 at,
1561 3700 1720 3839 {5:225
1746 3704 2146 3825 mmm
2176 3698 2679 3861 ἕξῗῗῗῑὲέἓέὲζζ

1561 3840 1883 3909 Ausdruck‚
1920 3841 2026 3897 wie
2063 3842 2160 3911 τῆς
2199 3836 2420 3912 ἑτέρας·
2429 3840 2678 3909 πλευροῖς

402 3899 491 3949 26.
527 3910 555 3949 s
567 3895 685 3950 ive.
726 3894 786 3950 Ο.
808 3893 1030 3950 schrieb
1049 3895 1257 3949 hochst
1275 3894 1453 3949 wahr-
1560 3910 1656 3965 bei
1693 3882 1920 3967 Diodo’r

333 4038 383 4089 3.
414 4041 465 4091 3.
496 4042 555 4104 23
593 4041 646 4093 4
678 4042 725 4091 '1-
758 4043 851 4104 133
891 4042 938 4091 9.
973 4042 1453 4103 10·2⁴1=·--P‘m
1542 4024 1903 4123 ‘Angesiehte
1941 4053 2040 4107 des
2069 4070 2283 4123 ganzen
2308 4022 2545 4117 liceret„
2585 4052 2679 4108 die

332 4106 546 4174 denti,
586 4106 1087 4174 ‘schwabend'3
1126 4107 1218 4163 die
1254 4108 1452 4161 W01¹³0
1561 4122 1866 4194 folgenden
1903 4123 2099 4179 Worte
2147 4124 2274 4179 sind
2319 4125 2461 4179 bunt
2501 4124 2681 4179 durch

330 4175 591 4232 erinnem
628 4190 725 4233 811·
740 4184 789 4235 3·
830 4184 880 4234 3·
923 4184 1006 4233 16.
1561 4194 1830 4251 einander
1845 4194 2140 4266 gewurfelt
2156 4194 2247 4249 fur
2259 4196 2676 4251 ac.suor.nond.

405 4270 493 4319 27.
512 4270 715 4332 certe3
736 4266 898 4322 Sinn·
919 4264 1450 4337 wenigstenszeigte
1560 4282 1702 4321 omn.
1756 4282 1843 4335 pr.
1887 4267 2066 4321 eaeccd.
2138 4252 2289 4321 Uber
2342 4266 2679 4323 crubesce-

334 4332 431 4389 Ar.
478 4336 587 4391 den
632 4336 904 4394 Soldaten
947 4337 1057 4393 den
1094 4336 1303 4407 Vogel,
1351 4338 1451 4393 der
1567 4338 1676 4393 bat
1714 4354 1759 4392 c.
1796 4335 1949 4454 infin.
1989 4354 2030 4391 s.
2071 4335 2134 4391 Ε.
2173 4341 2294 4393 118.
2484 4401 2522 4439 ·
