3069 4749
401 170 486 236 88
1305 174 1370 237 Q.
1409 172 1630 225 cmm
1662 109 1858 225 RUFI·

1403 438 1564 506 GAP.
1606 438 1755 506 V11.

331 576 360 627 1
578 562 672 629 At
714 561 964 629 Dareus
1009 562 1245 629 nuntio
1296 563 1372 629 de
1419 563 1693 630 adversa
1736 563 2093 629 valitudine
2148 562 2287 629 eius
2334 567 2601 647 accepto
2648 587 2743 631 ce·
2765 572 2849 639 17

397 652 674 737 leritate,
721 656 1033 736 quantam
1071 674 1296 737 capere
1333 655 1472 717 tam
1508 674 1707 739 grave
1746 673 1982 738 agmen
2017 655 2291 737 poterat,
2329 652 2412 717 ad
2446 651 2742 737 Euphra-

399 744 516 806 ten
572 740 907 807 contendit
962 741 1310 825 iunctoque
1375 762 1450 807 eo
1518 742 1829 827 pontibus
1893 742 2173 827 quinque
2237 745 2460 807 tamen
2515 742 2740 809 diebus

327 845 361 895 2
398 830 657 895 traiecit
699 830 1050 895 exercitum
1088 826 1385 895 Ciliciam
1429 851 1744 914 occupare
1790 830 2124 896 festinans
2195 826 2340 895 Iam
2374 829 2743 897 Alexander

397 918 644 984 viribus
691 919 978 1003 corporis
1022 919 1302 1004 receptis
1339 918 1422 983 ad
1457 919 1687 983 urbem
1724 916 1916 985 Solos
1952 922 2364 1003 pervenerat:
2410 920 2589 985 cuius
2628 942 2742 1004 po-

397 1008 559 1073 titus
604 1007 896 1072 ducentis
940 1008 1201 1072 talentis
1245 1009 1486 1073 multae
1540 1008 1807 1074 nomine
1859 1007 2104 1073 exactis
2159 1007 2294 1073 arci
2346 1008 2739 1092 praesidium

327 1115 360 1164 3
396 1096 679 1161 militum
722 1095 1028 1181 inposuit.
1117 1095 1294 1163 Vota
1337 1096 1565 1161 deinde
1608 1119 1729 1181 pro
1777 1097 1987 1163 salute
2025 1100 2325 1179 suscepta
2360 1118 2477 1182 per
2510 1096 2735 1164 ludum

399 1188 591 1271 atque
638 1184 847 1250 otium
892 1184 1165 1250 reddens
1221 1185 1532 1270 ostendit,
1589 1190 1833 1270 quanta
1893 1183 2129 1250 fiducia
2186 1186 2502 1251 barbaros
2563 1208 2738 1269 sper-

326 1293 361 1342 4
396 1277 602 1339 neret:
648 1273 886 1360 quippe
931 1273 1322 1357 Aesculapio
1369 1277 1435 1338 et
1479 1272 1805 1340 Minervae
1849 1274 2037 1340 ludos
2086 1274 2453 1339 celebravit.
2546 1272 2739 1360 Spec-

393 1362 565 1428 tanti
608 1363 878 1427 nuntius
922 1362 1132 1427 laetus
1179 1362 1464 1428 adfertur
1507 1360 1971 1429 Halicarnasso
2016 1360 2253 1427 Persas
2311 1364 2448 1428 acie
2503 1385 2543 1427 a
2598 1364 2739 1428 suis

394 1473 536 1517 esse
582 1454 940 1535 superatos,
983 1450 1288 1535 Myndios
1325 1473 1581 1537 quoque
1617 1456 1683 1517 et
1720 1450 2002 1518 Caunios
2040 1455 2106 1516 et
2142 1452 2447 1537 pleraque
2483 1455 2730 1516 tractus

326 1561 359 1611 5
399 1540 534 1606 eius
575 1560 727 1604 suae
763 1540 938 1606 facta
973 1539 1265 1605 dicionis.
1328 1539 1543 1626 Igitur
1578 1539 1752 1605 edito
1783 1542 2151 1626 spectaculo
2189 1539 2436 1606 ludicro
2476 1541 2734 1605 castris-

396 1651 518 1715 que
564 1627 758 1697 motis
819 1631 887 1692 et
937 1627 1220 1713 Pyramo
1277 1650 1467 1694 amne
1513 1633 1713 1714 ponte
1768 1630 1989 1695 iuncto
2047 1628 2127 1693 ad
2181 1629 2409 1694 urbem
2462 1628 2737 1694 Mallum

324 1739 357 1788 6
393 1717 708 1801 pervenit,
751 1715 902 1782 inde
949 1718 1169 1782 alteris
1216 1718 1446 1783 castris
1486 1716 1570 1782 ad
1608 1718 1920 1805 oppidum
1959 1715 2367 1784 Gatabolum.
2438 1716 2734 1803 Ibi‚Pa1--

392 1806 607 1870 menio
653 1806 794 1891 regi
840 1806 1146 1871 occurrit:
1193 1807 1592 1890 praemissus
1630 1810 1771 1873 erat
1816 1807 1898 1872 ad
1936 1807 2401 1892 explorandum
2447 1806 2573 1871 iter
2610 1807 2737 1871 sal·

325 1918 356 1966 ⁷
393 1898 522 1978 tus,
557 1915 674 1977 per
709 1916 898 1979 quem
937 1895 1017 1959 ad
1046 1895 1274 1959 urbem
1301 1894 1494 1961 Isson
1521 1896 1785 1961 nomine
1813 1895 2285 1981 penetrandum
2315 1897 2474 1961 erat.
2519 1893 2743 1981 Atque

393 1984 505 2049 ille
555 1984 877 2069 angustiis
925 1984 1061 2049 eius
1109 1985 1441 2068 occupatis
1488 1988 1555 2049 et
1599 1985 1927 2069 praesidio
1974 1984 2228 2051 modico
2275 1984 2501 2049 relicto
2547 1984 2741 2057 Isson

395 2093 654 2157 quoque
697 2071 1022 2137 desertam
1069 2094 1110 2137 a
1153 2072 1454 2137 barbaris
1501 2077 1781 2158 ceperat.
1870 2072 2031 2138 Inde
2082 2093 2469 2158 progressus
2526 2071 2743 2137 detur-

391 2160 590 2244 batis,
637 2160 750 2246 qui
793 2161 1104 2226 interiora
1148 2161 1468 2229 montium
1517 2162 1920 2245 obsidebant,
1965 2160 2309 2246 praesidiis
2356 2164 2585 2225 cuncta
2629 2160 2740 2225 fir-

394 2250 603 2314 mavit
649 2253 1087 2335 occupatoque
1133 2250 1368 2315 itinere
1383 2301 1402 2335 ,
1448 2250 1617 2316 sicut
1661 2252 1857 2334 paulo
1904 2254 2054 2315 ante
2100 2250 2344 2315 dictum
2390 2251 2520 2331 est,
2564 2248 2737 2313 idem

395 2567 693 2623 schaften’.
750 2568 934 2623 dotes
967 2567 1059 2622 fur
1093 2568 1398 2655 facultates,
1435 2567 1514 2623 ist

391 2640 544 2708 p.oet
566 2657 620 2693 u.
639 2638 982 2706 nachklassq
1007 2643 1272 2694 artes==
1293 2637 1513 2708 τρόποι,

392 2709 935 2779 Eigenschaften
988 2711 1176 2765 haben
1219 2711 1364 2766 auch
1419 2710 1512 2764 die

390 2779 695 2849 Klassiker,
731 2781 1033 2837 besonders
1061 2782 1253 2852 haufig
1281 2781 1510 2838 Sallust.

809 2941 944 3000 Kar.
981 2940 1100 2996 VII.

470 3069 518 3117 1.
555 3063 644 3117 At
671 3061 965 3133 Dareus,
999 3064 1209 3133 kniipft
1243 3081 1316 3119 an
1353 3071 1404 3120 3.
1445 3071 1513 3120 28

393 3151 481 3188 an.
503 3136 959 3216 —celeritate‚
995 3140 1339 3206 quantam,
1360 3135 1516 3190 Satz-

390 3205 506 3260 bau
541 3205 647 3259 wie
682 3211 734 3261 4.
773 3211 824 3260 3.
866 3212 959 3272 143
997 3207 1098 3262 der
1131 3205 1312 3262 blosse
1343 3207 1515 3262 Abla-

391 3274 478 3329 tiv
511 3274 671 3330 nicht
705 3275 998 3346 anatossig,
1026 3279 1101 3332 da
1135 3278 1235 3332 der
1261 3277 1512 3333 Relativ-

393 3348 514 3401 sate
561 3346 651 3401 ein
694 3347 822 3417 Adj.
871 3348 1112 3404 verti-itt.
1161 3379 1229 3390 -
1275 3365 1514 3418 capere

393 3441 462 3466 ca
483 3418 766 3473 admittere
790 3419 870 3472 ist
894 3418 1147 3487 naehkL,
1175 3419 1323 3474 denn
1351 3419 1513 3475 nicht

391 3505 536 3558 ganz
571 3488 910 3558 gleichartig
945 3489 1023 3544 ist
1059 3489 1170 3546 Cic.
1207 3509 1264 3561 p.
1291 3489 1411 3546 Mil.
1441 3497 1510 3547 8⁷

392 3561 806 3685 capeaedamentiEu
806 3562 1114 3687 αἴζροίῖἔὺαε
1135 3578 1269 3689 meg
1275 3567 1508 3689 pce-‘terat

392 3659 461 3670 —-
921 3649 959 3686 a
1025 3650 1073 3686 m
1136 3651 1162 3688 s
1438 3663 1510 3674 --

391 3703 768 3771 iunctoque.
787 3648 1074 3758 'berselbe
1093 3703 1386 3760 Ausdruck
1405 3709 1436 3770 ξ
1458 3709 1508 3772 6,

391 3779 443 3828 4.
477 3778 532 3828 θ.
571 3779 605 3828 9
641 3791 696 3827 ιι.
738 3779 831 3841 12,
869 3773 976 3828 wie
1009 3775 1238 3830 bereits·
1255 3777 1346 3830 bei
1387 3775 1509 3830 Liv.

391 3875 461 3885 —-
497 3845 791 3914 quinque
825 3849 1041 3900 tamen
1077 3847 1130 3901 d.
1161 3846 1324 3901 Sinn:
1362 3846 1509 3902 doch

391 3920 534 3972 eret
566 3915 714 3970 nach
751 3920 786 3970 5
820 3914 1012 3985 Tagen
1047 3919 1194 3972 trotz
1239 3917 1338 3971 der
1383 3933 1505 3972 ver-

390 3985 869 4042 achiedenth'chen
905 3987 1180 4042 Brficken.
1244 3987 1506 4043 Disselbe

391 4057 514 4112 Zeit
555 4058 800 4112 braucht
842 4057 970 4114 Dar.
1008 4077 1108 4112 zur
1143 4046 1509 4115 'Uberschrei-

387 4129 534 4198 tung
569 4128 666 4183 des
703 4130 882 4198 Lycus
919 4135 968 4184 4.
1011 4135 1060 4184 9.
1101 4136 1148 4185 9.

463 4205 534 4253 2..
553 4199 758 4256 Solos.
831 4199 890 4256 Ο.
929 4202 1099 4255 sucht⁴
1143 4202 1296 4256 dicae
1343 4199 1512 4257 Stadt

388 4269 704 4326 irrtfimlich
741 4273 866 4328 ὅσω.
903 4288 1017 4327 von
1064 4272 1288 4328 Tarsus.
1359 4259 1509 4328 Uber

385 4341 652 4411 potitus
690 4361 734 4398 c.
773 4359 898 4413 gen.
938 4363 979 4400 s.
1017 4343 1079 4400 Ε.
1119 4350 1205 4402 92.

322 2362 358 2413 8
395 2341 462 2404 et
506 2340 733 2404 auctor
778 2340 844 2403 et
886 2337 1152 2404 nuntius
1200 2340 1394 2405 venit.
1480 2339 1673 2405 Isson
1720 2339 1945 2404 deinde
1990 2360 2106 2405 rex
2154 2338 2377 2423 copias
2423 2337 2739 2404 admovit:

1692 2574 1741 2623 3.
1779 2572 1933 2622 vota
1967 2567 2274 2634 reddens,
2319 2568 2469 2636 poet.
2507 2565 2599 2620 fiir
2633 2567 2738 2624 soz-

1619 2655 1766 2707 vens,
1786 2639 2113 2736 persolvens.
2141 2669 2214 2678 -—
2234 2654 2354 2706 per
2382 2639 2608 2693 ludum
2634 2643 2735 2694 at·

1660 2727 1737 2765 ue
1786 2711 2016 2777 otium,
2066 2708 2148 2762 ‘in
2191 2707 2579 2765 Frohlichkeit
2619 2709 2737 2764 und

1666 2750 2105 2851 ehaglichkeit’,
2142 2796 2261 2835 war
2294 2779 2420 2835 eine
2468 2779 2737 2836 stehende

1621 2851 1861 2908 Formcl.
1936 2852 1989 2906 S.
2026 2850 2092 2908 E.
2130 2856 2199 2906 49
2235 2853 2399 2906 Anm.

1688 2929 1741 2978 4.
1804 2923 2167 2993 spectanti,
2228 2923 2400 2977 naml.
2456 2923 2646 2990 Moe,-

1622 2997 1793 3062 swis,
1813 3010 1925 3048 von
1944 2993 2301 3048 Ptolemaeus
2329 2993 2443 3048 und
2460 2993 2735 3048 Asander.

1623 3095 1693 3106 —
1720 3069 1984 3121 tractus
2002 3089 2071 3110 ==
2092 3064 2441 3133 Landstrich‚
2466 3082 2574 3118 nur
2590 3079 2739 3132 ganz

1623 3137 1804 3190 selten
1842 3151 1903 3188 so
1940 3134 2036 3189 bei
2072 3133 2418 3190 Klassikern.
2426 3106 2608 3191 Uber
2626 3135 2737 3190 den

1625 3223 1752 3275 gen.
1790 3224 1831 3260 s.
1872 3205 1935 3260 E.
1972 3211 2060 3261 86.

1694 3283 1741 3331 6.
1797 3281 1992 3346 spect.
2048 3277 2313 3331 ludicro
2368 3276 2421 3331 d.
2468 3276 2507 3332 i.
2556 3277 2738 3332 ‘Fest-

1622 3348 1841 3417 spiele'.
1915 3348 1989 3402 So
2023 3347 2231 3402 bereits
2268 3346 2362 3404 bei
2396 3347 2515 3404 Liv.
2546 3365 2599 3402 u.
2638 3347 2739 3403 Se·

1617 3436 1773 3476 neca.
1804 3449 1872 3458 —-
1903 3417 2319 3486 Gatabolum,
2358 3420 2505 3473 etwa
2538 3425 2571 3474 5
2597 3417 2736 3474 Mei-

1618 3491 1712 3546 len
1748 3489 1951 3544 estlich
1979 3506 2091 3544 von
2118 3487 2310 3559 Aegae
2337 3489 2398 3544 in
2422 3489 2523 3544 der
2551 3490 2740 3546 Bucht

1618 3579 1730 3617 von
1762 3563 1931 3616 Issus.

1691 3639 1740 3687 6.
1797 3633 1928 3687 iter
1982 3632 2230 3700 cultae,
2282 3631 2391 3688 wie

1616 3704 1821 3770 saitae,
1863 3704 1969 3758 iter
2004 3705 2230 3758 callium
2273 3703 2367 3758 bei
2404 3701 2583 3770 Cura,
2629 3705 2737 3758 iter

1618 3774 1791 3830 Asiae
1833 3775 1928 3829 bei
1975 3773 2192 3829 Caesar.
2288 3773 2546 3830 Gemeint
2608 3773 2737 3828 sind

1616 3845 1770 3900 wohl
1807 3845 1897 3899 die
1937 3844 2334 3916 Strandpasse‚
2372 3843 2582 3900 welche
2618 3845 2735 3898 ost-

1610 3916 1727 3971 lich
1744 3932 1875 3972 vom
1892 3917 2087 3972 Flusse
2106 3917 2379 3986 Pyramus
2408 3918 2546 3972 fiber
2568 3914 2738 3970 cinea

1614 3990 1749 4041 Arm
1790 3988 1888 4040 des
1916 3987 2425 4057 Amanusgebirges
2452 3987 2599 4041 nach
2634 3986 2735 4041 der

1614 4058 1798 4113 Bucht
1814 4074 1928 4114 von
1944 4059 2097 4114 Issus
2130 4058 2374 4114 ffihrten.
2446 4057 2577 4128 vgl.
2608 4059 2729 4114 Art.

1689 4206 1738 4256 7.
1777 4201 2115 4256 interiora
2150 4200 2494 4268 montium,
2522 4199 2615 4254 die
2642 4215 2735 4254 so-

1617 4275 1941 4341 gena-ntem
1969 4273 2137 4342 pylae
2174 4271 2404 4326 Ciliciae
2438 4277 2489 4326 et
2532 4271 2739 4341 Syriae

1620 4343 1841 4398 sfidlieh
1875 4357 1988 4398 von
2024 4343 2187 4398 Issus·
