3069 4749
415 95 543 160 166
1324 97 1387 164 Q.
1426 97 1648 152 CURTI
1683 99 1856 154 RUFI

340 278 377 326 4
410 257 739 323 inviseret.
830 257 1041 323 Multa
1094 261 1372 325 materia
1415 261 1668 326 navalis
1719 261 1789 326 in
1841 263 2156 346 proximis
2213 263 2545 328 montibus
2593 266 2774 326 erat:

411 368 604 431 quam
652 347 914 412 caedere
963 347 1257 432 adgressi
1303 349 1773 434 magnitudinis
1827 351 2204 416 invisitatae
2248 372 2588 435 repperere
2636 374 2776 416 ser-

341 456 373 504 5
410 437 654 518 pentes.
744 435 1217 502 Rhinocerotes
1273 459 1556 522 quoque,
1614 461 1834 504 rarum
1891 440 2050 504 alibi
2105 440 2379 524 animal,
2433 441 2502 505 in
2556 440 2775 505 isdem

411 524 744 589 montibus
783 530 988 590 erant.
1061 523 1365 590 Ceterum
1401 527 1524 592 hoc
1560 548 1800 592 nomen
1833 528 2040 593 beluis
2077 529 2356 593 inditum
2395 551 2434 592 a
2471 529 2776 593 Graecis:

341 635 373 683 6
413 614 731 679 sermonis
778 615 917 678 eius
963 614 1180 699 ignari
1226 613 1401 680 aliud
1456 616 1683 700 lingua
1738 639 1856 682 sua
1899 621 2234 702 usurpant.
2323 617 2463 681 Rex
2513 618 2772 682 duabus

410 703 680 766 urbibus
738 703 1017 768 conditis
1072 703 1141 768 in
1198 707 1470 788 utraque
1524 705 1838 790 fluminis,
1891 706 2066 792 quod
2117 710 2562 790 superaverat,
2615 707 2774 790 ripa

410 792 745 875 copiarum
792 791 984 856 duces
1032 792 1291 857 coronis
1338 797 1405 857 et
1447 793 1628 857 mille
1667 795 1878 860 aureis
1917 795 2211 880 singulos
2260 794 2483 859 donat:
2531 796 2772 860 ceteris

409 901 665 966 quoque
709 901 828 963 pro
873 880 1174 962 portione
1222 885 1337 945 aut
1381 881 1646 966 gradus,
1698 905 1887 967 quem
1932 885 2000 948 in
2039 883 2330 949 amicitia
2367 884 2772 968 obtinebant,

338 989 371 1037 ’1
410 973 525 1034 aut
576 973 858 1034 navatae
913 990 1145 1052 operae
1199 969 1407 1036 honos
1462 971 1730 1038 habitus
1783 977 1904 1038 est.
2002 973 2344 1055 Abisares,
2397 972 2510 1058 qui
2563 974 2773 1057 priuS,

411 1079 605 1142 quam
654 1079 800 1122 cum
843 1056 1012 1122 Poro
1060 1058 1503 1144 dimicaretur,
1551 1061 1805 1146 legatos
1855 1061 1936 1126 ad
1982 1060 2428 1126 Alexandrum
2479 1062 2771 1145 miserat,

409 1168 633 1211 rursus
674 1146 838 1211 alios
876 1146 1057 1212 misit
1093 1147 1497 1232 pollicenteS,
1532 1151 1754 1215 omnia
1789 1151 2132 1233 facturum,
2168 1172 2333 1234 quae
2359 1151 2771 1235 imperasset,

411 1234 601 1300 modo
647 1257 729 1300 ne
777 1239 1119 1319 cogeretur
1163 1259 1394 1322 corpus
1443 1260 1631 1303 suum
1677 1238 1932 1303 dedere:
1991 1261 2198 1323 neque
2245 1240 2419 1304 enim
2465 1244 2578 1305 aut
2623 1241 2769 1304 sine

340 1341 373 1390 8
410 1324 591 1408 regio
648 1325 921 1409 imperio
975 1325 1298 1390 victurum
1354 1330 1467 1391 aut
1518 1330 1942 1412 regnaturum
1997 1349 2139 1392 esse
2193 1329 2540 1412 captivum.
2639 1327 2768 1393 Oui

408 1411 783 1478 Alexander
816 1414 1108 1479 nuntiari
1152 1415 1368 1499 iussit,
1406 1416 1461 1480 si
1498 1419 1882 1500 gravaretur
1921 1416 1999 1481 ad
2039 1438 2108 1480 se
2145 1417 2392 1500 venire,
2429 1417 2642 1501 ipsum
2682 1419 2768 1482 ad

410 1523 558 1566 eum
606 1523 747 1568 esse
793 1506 1155 1568 venturum.

587 1590 763 1656 Hinc
814 1613 1011 1675 porro
1059 1613 1247 1655 amne
1302 1595 1608 1675 superato
1665 1592 1747 1657 ad
1790 1593 2104 1659 interiora
2149 1593 2373 1658 Indiae
2431 1595 2770 1678 processit.
2791 1593 2838 1655 2

340 1699 371 1746 9
410 1677 629 1745 Silvae
675 1686 862 1745 erant
908 1700 1107 1765 prope
1153 1679 1223 1743 in
1267 1680 1638 1746 inmensum
1685 1683 1969 1766 spatium
2025 1682 2295 1748 diffusae
2350 1683 2766 1768 procerisque

307 1787 375 1836 10
412 1773 477 1834 et
524 1769 593 1833 in
646 1771 952 1834 eximiam
1009 1768 1419 1834 altitudinem
1468 1770 1658 1835 editis
1717 1771 2055 1836 arboribus
2111 1772 2472 1836 umbrosae.
2562 1770 2764 1835 Pleri-

410 1879 533 1942 que
589 1858 754 1922 rami
808 1858 1022 1922 instar
1073 1857 1439 1943 ingentium
1494 1859 1790 1942 stipitum
1831 1860 2004 1924 ¹flexi
2067 1860 2134 1924 in
2199 1860 2467 1924 humum
2519 1881 2763 1943 rursus,

412 1955 541 2030 qua'
596 1968 664 2010 se
724 1945 1180 2030 curvaverant,
1244 1947 1686 2032 erigebantur,
1751 1948 1910 2014 adeo
1965 1952 2040 2013 ut
2094 1949 2342 2033 species
2398 1951 2568 2013 esset
2628 1970 2764 2013 non

409 2035 578 2100 rami
659 2036 1060 2121 resurgentis
1080 2085 1099 2120 ,
1190 2036 1303 2100 sed
1386 2037 1638 2102 arboris
1721 2059 1799 2101 ex
1891 2059 2010 2102 sua
2089 2037 2308 2102 radice
2398 2040 2761 2122 generatae.

480 2215 531 2264 ὅ.
568 2225 798 2265 raram
834 2212 933 2265 al:
966 2212 1237 2266 animal.
1310 2210 1533 2266 Ebenso
1643 2211 1994 2266 aufzufassen
2049 2210 2191 2266 sind.
2240 2241 2307 2252 --
2353 2211 2510 2266 hinc
2555 2227 2766 2280 porro

412 2279 681 2336 collektiv
717 2287 766 2336 8.
810 2287 893 2337 14.
932 2287 1002 2336 23
1039 2297 1225 2350 εᾳαοε,
1261 2282 1534 2351 pavidam
1643 2299 1830 2337 amne
1861 2288 2198 2350 superato.
2261 2283 2374 2338 Der
2407 2284 2764 2352 ungenannte

410 2353 639 2407 animal.
695 2351 803 2407 Zur
822 2352 1001 2408 Sache
1030 2353 1144 2424 vgl.
1174 2353 1265 2408 die
1286 2351 1340 2407 N
1342 2353 1454 2409 otiz
1481 2357 1531 2407 8.
1642 2351 1802 2409 Fluss
1847 2353 2002 2409 kann
2045 2371 2152 2409 nur
2193 2353 2292 2409 der
2327 2352 2590 2409 Acesines
2626 2353 2765 2422 sein,

411 2429 460 2477 9.
485 2429 567 2477 16.
606 2423 821 2479 Diodor
849 2424 1066 2493 spricht
1082 2440 1193 2479 von
1214 2424 1533 2495 Schlangen
1643 2424 1782 2479 fiber
1818 2426 2019 2480 dessen
2043 2426 2330 2495 Richtung
2357 2424 2416 2481 C.
2455 2424 2577 2479 sich
2606 2424 2766 2479 nicht

408 2494 526 2547 und
562 2492 740 2547 Affen.
1641 2496 1804 2551 recht
1837 2496 1966 2551 klar
2002 2512 2260 2567 gewesen
2297 2514 2364 2549 zu
2393 2495 2512 2551 sein
2546 2495 2766 2551 scheint

482 2570 531 2619 6.
568 2564 831 2620 duabus
874 2566 1190 2633 imbibite,
1238 2565 1329 2620 die
1376 2572 1425 2619 3.
1464 2570 1533 2619 23
1643 2567 1709 2634 (s.
1749 2572 1802 2621 3.
1838 2573 1934 2634 2ος
1981 2573 2030 2621 4.
2073 2569 2143 2635 1).
2215 2566 2376 2621 Auch
2411 2566 2626 2623 Diodor
2661 2568 2766 2620 hat

406 2638 731 2705 genannten
767 2634 965 2691 Stadte
1000 2636 1215 2691 Nicaea
1256 2654 1311 2691 u.
1359 2636 1536 2691 Buce·
1643 2638 1704 2691 in
1732 2638 2013 2707 gleichem
2031 2637 2516 2707 Zusammenhang
2539 2654 2646 2691 nur
2671 2636 2763 2691 die

411 2706 602 2776 phala.
658 2706 712 2761 N
714 2706 821 2763 ach
839 2707 1050 2763 Diodor
1078 2707 1355 2763 erhielten
1381 2708 1536 2763 diese
1643 2706 1810 2764 Notiz
1855 2706 2105 2778 περάσας
2159 2705 2257 2763 τὸν
2305 2705 2562 2777 ποταμόν
2619 2708 2764 2763 011110

410 2792 503 2832 am
567 2776 864 2849 Hydaspes
926 2778 987 2833 in
1050 2779 1149 2833 der
1208 2777 1370 2834 Nahe
1434 2780 1533 2833 des
1642 2780 1880 2851 Angabe
1918 2780 2015 2835 des
2053 2779 2310 2836 Namens.
2379 2778 2540 2835 Doch
2577 2796 2617 2835 s.
2657 2779 2764 2834 den

409 2846 859 2905 Schlachtfeldes
905 2850 1293 2921 gegrfindeten
1336 2848 1533 2905 Stadte
1641 2850 1777 2905 krit.
1815 2850 2074 2921 Anhang.

410 2921 525 2975 erst
560 2919 746 2991 einige
782 2922 905 2977 Zeit
941 2925 1135 2992 spater-
1168 2920 1345 2976 durch
1372 2921 1528 2976 Alex.
1713 2926 1763 2975 9.
1827 2923 2044 2977 silvae
2115 2926 2324 2977 erant.
2424 2922 2610 2977 Ueber
2671 2922 2764 2977 die

408 2989 533 3047 ihre
546 2990 784 3047 Namen.
806 3024 873 3033 —-
895 2994 1152 3059 aureis,
1180 3009 1255 3047 sc.
1276 2994 1529 3047 nammis.
1637 2992 1856 3063 Ellipse
1898 3009 2014 3048 von
2057 2994 2141 3048 ibi
2177 3012 2220 3048 s.
2257 2993 2402 3047 Einl.
2441 2998 2471 3059 5
2507 2998 2576 3047 52
2607 3010 2655 3047 a.
2695 3023 2762 3033 ·--

410 3060 519 3115 Zur
574 3062 697 3118 Zeit
754 3065 853 3119 der
908 3065 1096 3119 ersten
1146 3069 1285 3118 rom.
1341 3062 1538 3119 Kaiser
1644 3064 1860 3118 editis.
1919 3061 2034 3118 Der
2060 3064 2282 3119 Beisatz
2317 3064 2382 3119 in
2417 3065 2765 3119 altitudinum

408 3133 535 3202 galt
562 3133 653 3188 ein
682 3152 884 3191 aureus
914 3161 982 3181 =
1009 3140 1078 3190 25
1108 3136 1354 3201 denarii,
1388 3136 1538 3189 etwa
1642 3134 1720 3190 ist
1755 3135 1961 3205 analog
1996 3133 2096 3189 der
2131 3135 2432 3205 Wendung
2471 3136 2765 3203 paululum

410 3209 569 3272 21,Ίὸ
588 3204 663 3259 Μ.
710 3206 797 3262 Da
816 3206 875 3261 C.
902 3207 993 3261 die
1021 3206 1229 3277 griech.
1256 3204 1538 3260 Drachme
1643 3223 1712 3261 ex
1737 3208 1981 3276 planitie
2016 3207 2221 3273 editas,
2258 3205 2414 3261 Caes,
2452 3205 2505 3260 b.
2541 3224 2594 3277 g.
2631 3212 2682 3261 2.
2711 3210 2760 3259 8.

410 3274 541 3329 dem
558 3280 697 3329 rbm.
718 3276 906 3333 Denar
924 3278 1272 3347 gleichsetzt,
1297 3293 1360 3331 so
1378 3275 1534 3330 rech·
1643 3276 1772 3347 Vgl.
1818 3276 2084 3347 fibrigens
2120 3284 2170 3333 6.
2209 3283 2261 3331 4.
2299 3284 2332 3331 3
2375 3294 2566 3331 ‘nemas
2599 3293 2762 3345 prae-

408 3348 540 3401 nete
586 3362 647 3400 er
692 3364 833 3417 ganz
878 3348 1195 3417 folgerecht
1230 3348 1321 3403 die
1356 3346 1536 3403 Mine
1645 3349 1775 3403 altis
1811 3350 2103 3403 arboribus
2137 3350 2464 3403 umbrosam.

410 3434 477 3469 zu
516 3425 551 3472 4
588 3420 747 3473 aurei
782 3444 851 3465 -ει
892 3424 994 3473 100
1030 3420 1282 3475 denarii·
1305 3450 1381 3459 --
1427 3420 1534 3474 ob·
1719 3426 1800 3476 10.
1845 3420 2071 3475 instar
2101 3421 2140 3474 i.
2177 3420 2506 3487 stipitum.
2567 3418 2764 3473 Dieser

410 3490 741 3545 tinebant.
823 3489 951 3559 Vgl.
1010 3495 1057 3545 ὅ.
1117 3496 1166 3544 2.
1225 3494 1257 3544 5
1316 3491 1538 3545 ιωτίιωη
1643 3488 1862 3545 Beisatz
1907 3491 2112 3561 gehbrt
2157 3488 2440 3543 natfirlich
2490 3508 2558 3543 zu
2601 3490 2763 3555 rami,

414 3558 591 3615 locam
626 3561 882 3615 obtinuit.
1642 3561 1803 3615 nicht
1881 3580 1950 3615 zu
2031 3561 2179 3629 flexi.
2288 3558 2438 3613 Eine‘
2509 3560 2761 3615 fiber-ein-

482 3636 533 3685 7.
573 3632 830 3703 legatos
863 3633 1166 3698 miserat,
1219 3649 1261 3687 s.
1300 3632 1446 3687 oben
1482 3636 1533 3685 8.
1645 3631 1978 3687 stimmende
2007 3630 2380 3701 Schilderung
2415 3629 2598 3685 dieser
2635 3631 2760 3701 (Ba-

413 3708 497 3758 13.
549 3708 598 3756 1.
641 3734 708 3743 —
748 3703 1155 3771 pollicentes
1198 3701 1315 3756 fast
1358 3701 1538 3757 soviel
1644 3704 1872 3771 nauem)
1928 3703 2138 3756 Baume
2205 3701 2364 3771 giebt
2419 3701 2759 3757 Onesicritus

414 3773 499 3828 als
511 3774 876 3844 pollicitwros.
934 3772 1216 3827 Aehnlich
1234 3773 1537 3829 hortantem
1643 3772 1738 3827 bei
1775 3773 1979 3828 Strabo
2031 3778 2117 3827 15.
2159 3778 2281 3827 694.
2355 3772 2485 3843 Vgl.
2532 3772 2622 3827 die
2658 3772 2761 3827 Be·

412 3850 462 3899 4.
496 3850 580 3899 13.
610 3851 706 3911 383
742 3846 1043 3914 spoliantes
1078 3849 1129 3897 8.
1162 3848 1246 3897 14.
1275 3849 1359 3899 40.
1424 3842 1538 3898 1)01’·
1643 3842 1982 3925 schreibung
1999 3844 2100 3899 der
2125 3842 2484 3898 kunst-‚lichen
2502 3842 2762 3898 Verhaue

412 3908 821 3971 Schriftstellei‘
856 3914 1034 3969 denkt
1064 3913 1161 3968 bei
1192 3915 1343 3968 misit
1377 3914 1539 3969 mehr
1643 3914 1744 3968 der
1787 3914 1972 3969 Mardi
2016 3914 2162 3969 oben
2207 3919 2256 3968 6.
2297 3919 2344 3967 5.
2387 3919 2470 3968 14.
2512 3944 2577 3955 --
2613 3930 2762 3969 rar-

412 4002 487 4041 an
532 3987 640 4042 den
676 3988 931 4043 Moment
972 3986 1073 4041 des
1109 3984 1536 4039 Eint'reffens
1642 4000 1780 4052 sue,
1825 4003 1956 4057 qua
1999 4000 2062 4040 se
2105 3990 2561 4040 curvaverant
2607 3986 2661 4038 d.
2707 3986 2760 4038 h.

414 4058 499 4112 als
537 4076 611 4113 an
647 4058 757 4112 den
792 4057 892 4112 der
928 4056 1025 4111 Ab
1038 4055 1296 4111 sendun
1306 4073 1359 4126 g.
1643 4073 1756 4126 qua
1807 4058 2032 4111 hamam
2088 4057 2393 4125 tetiyerant.
2483 4055 2560 4110 Es
2614 4055 2764 4110 steht

485 4134 535 4183 8.
580 4134 943 4183 ventarum.
1037 4130 1155 4182 Ans
1210 4126 1411 4180 Arrian
1462 4128 1533 4196 (5.
1645 4128 2130 4197 gewissermassen
2172 4143 2286 4196 qua
2320 4126 2411 4180 ffir
2445 4127 2600 4193 inde,
2639 4142 2759 4196 quo.

414 4200 505 4266 20)
544 4214 575 4251 0
645 4198 761 4254 ‘ebt
798 4200 941 4269 sich,
984 4199 1113 4255 dass
1148 4198 1303 4252 diese
1337 4196 1536 4253 Worte
1646 4229 1714 4239 —
1751 4215 1828 4253 ex
1863 4215 1986 4253 sua
2029 4198 2286 4263 radice,
2339 4196 2465 4251 ‘aus
2502 4196 2761 4267 signer,

413 4266 495 4319 im
644 4270 997 4336 eundlichen,
1024 4268 1348 4325 drohenden
1367 4267 1536 4324 Sinne
1644 4269 2062 4325 besonderer
2114 4268 2386 4336 WurzeP,
2445 4266 2762 4337 vergleiche
