3069 4749
447 149 577 213 162
1329 150 1393 216 Q.
1435 149 1659 206 OURTI
1694 149 1869 205 RUFI

339 323 408 374 30
445 311 751 398 supplicii
793 313 996 377 timor
1039 313 1404 379 omittebat.
1485 309 1667 400 Ergo
1716 312 2064 397 elephanti,
2108 313 2487 377 vulneribus
2532 313 2801 379 tandem
2824 315 2917 379 50

444 401 729 485 fatigati,
777 423 930 466 suos
964 401 1214 485 impetu
1253 404 1555 468 sternunt
1600 405 1693 484 et,
1739 403 1851 485 qui
1886 405 2188 466 rexerant
2224 423 2354 486 eoa,
2390 402 2805 486 praecipitati

443 490 514 554 in
547 493 785 554 terram
827 490 910 554 ab
946 490 1109 574 ipsis
1147 490 1634 557 obterebantur.
1696 488 1978 574 Jamque
2014 511 2323 574 pecorum
2358 491 2549 555 modo
2588 491 2802 576 magis

335 590 403 640 31
441 579 664 662 pavidi
711 599 904 662 quam
957 579 1181 644 infesti
1239 580 1416 644 ultra
1470 579 1677 644 aciem
1724 578 2179 663 exigebantur:
2236 599 2382 644 cum
2427 579 2651 663 Ροιιιε,
2696 581 2804 644 de-

447 668 716 732 stitutus
765 689 804 730 a
847 668 1165 753 pluribuS,
1209 668 1342 733 tela
1385 669 1596 734 multo
1644 671 1793 732 ante
1838 671 2227 752 praeparata
2270 667 2340 732 in
2378 668 2803 732 circumfusos

447 777 526 820 ex
571 755 922 839 elephanto
969 778 1086 820 suo
1134 758 1352 840 eoepit
1406 757 1703 841 ingerere
1748 757 2100 841 multisque
2146 757 2397 822 eminus
2440 756 2805 821 vulneratis

343 857 411 905 32
451 845 786 928 expositus
822 845 964 928 ipse
1001 845 1082 908 ad
1119 846 1288 911 ictus
1325 845 1610 930 undique
1646 845 2011 928 petebatur.
2072 843 2325 910 Novem
2362 846 2495 909 iam
2533 845 2807 910 vulnera

444 933 598 997 hinc
642 938 850 1017 tergo,
894 933 1078 997 illinc
1121 937 1382 1017 pectore
1422 937 1767 1017 exceperat
1804 934 2141 1017 multoque
2178 934 2493 1018 sanguine
2529 933 2803 1016 profuso

445 1022 776 1106 languidis
829 1022 1130 1087 manibus
1187 1022 1398 1108 magis
1455 1023 1679 1107 elapsa
1733 1044 1929 1107 quam
1986 1043 2255 1087 excussa
2298 1021 2435 1087 tela
2476 1022 2804 1087 mittebat.

339 1123 405 1170 33
443 1111 584 1176 Nec
629 1111 892 1196 segnius
937 1111 1130 1175 belua
1173 1112 1484 1176 instincta
1521 1111 1722 1196 rabie,
1764 1111 2050 1176 nondum
2090 1111 2327 1195 saucia,
2372 1109 2805 1176 invehebatur

445 1199 798 1283 ordinibuS,
835 1199 1038 1264 donec
1063 1203 1279 1264 rector
1313 1200 1544 1264 beluae
1580 1219 1801 1283 regem
1838 1201 2179 1283 conspexit
2214 1199 2565 1265 fluentibus
2600 1221 2803 1264 mem·

338 1301 408 1350 34
446 1288 584 1353 bris
631 1288 1018 1374 omissisque
1065 1289 1264 1354 armis
1309 1288 1417 1352 vix
1463 1292 1831 1371 compotem
1877 1289 2131 1352 mentis.
2212 1286 2376 1352 Tum
2426 1288 2689 1354 beluam
2734 1289 2808 1352 in

443 1376 673 1460 fugam
737 1377 1024 1442 concitat
1087 1382 1394 1461 sequente
1458 1376 1863 1441 Alexandro:
1930 1377 2042 1440 sed
2104 1397 2307 1460 equus
2374 1376 2511 1441 eius
2575 1377 2805 1442 multis

444 1466 819 1530 vulneribus
866 1466 1206 1530 confossus
1243 1465 1675 1549 deficiensque
1712 1465 2075 1548 procubuit,
2120 1466 2339 1548 posito
2386 1465 2600 1548 magis
2647 1485 2805 1549 rege

449 1576 644 1638 quam
683 1555 904 1620 effuso.
985 1553 1234 1639 Itaque,
1279 1553 1432 1618 dum
1483 1575 1722 1638 equum
1758 1557 1991 1636 mutat,
2034 1553 2283 1618 tardius
2319 1553 2649 1618 insecutus
2686 1559 2808 1619 est.

339 1655 409 1704 35
445 1643 722 1708 Interim
759 1643 965 1707 frater
991 1643 1262 1726 Taxilis,
1299 1643 1476 1727 regis
1512 1640 1844 1727 Indorum,
1880 1642 2279 1726 praemissus
2320 1643 2403 1705 ab
2429 1642 2805 1708 Alexandro

449 1753 712 1798 monere
757 1733 973 1815 coepit
1017 1730 1278 1813 Porum,
1323 1753 1406 1795 ne
1452 1731 1685 1796 ultima
1725 1731 2002 1814 experiri
2034 1735 2479 1815 perseveraret
2515 1731 2805 1796 dederet-

341 1836 410 1885 36
453 1843 576 1905 que
623 1842 692 1884 se
738 1820 991 1885 victori.
1081 1819 1176 1884 At
1219 1820 1360 1903 ille,
1407 1841 1801 1904 quamquam
1844 1819 2199 1884 exhaustae
2246 1824 2433 1884 erant
2476 1820 2649 1884 vires
2695 1820 2803 1884 de-

444 1910 828 1993 ficiebatque
897 1909 1194 1994 sanguis,
1253 1913 1477 1973 tamen
1544 1909 1627 1972 ad
1680 1911 1904 1973 notam
1963 1929 2186 1973 vocem
2242 1909 2589 1991 excitatus,
2644 1906 2804 1973 ‘Ad-

449 1996 746 2084 gnosco',
804 1997 1049 2082 inquit,
1103 1997 1382 2062 ‘Taxilis
1426 1997 1728 2080 fratrem,
1779 1995 2040 2081 imperii
2084 1997 2398 2082 regnique
2444 1998 2543 2061 sui
2586 1997 2806 2083 prodi·

444 2087 670 2152 toris':
718 2089 786 2150 et
830 2087 1052 2169 telum,
1100 2087 1273 2171 quod
1317 2108 1519 2151 unum
1565 2086 1737 2151 forte
1779 2108 1913 2150 non
1959 2084 2324 2169 effluxerat,
2369 2087 2687 2150 contorsit
2729 2086 2803 2150 in

339 2194 408 2243 37
447 2198 622 2260 eum,
687 2174 860 2259 quod
922 2197 1040 2258 per
1095 2175 1381 2241 medium
1442 2177 1669 2259 pectus
1723 2175 2095 2258 penetravit
2148 2175 2229 2238 ad
2283 2177 2558 2259 tergum.
2656 2172 2805 2239 Hoc

451 2265 685 2330 ultimo
732 2264 995 2328 virtutis
1043 2285 1236 2346 opere
1282 2263 1456 2327 edito
1501 2263 1727 2347 fugere
1774 2263 1983 2327 acrius
2039 2263 2281 2345 coepit,
2335 2263 2449 2327 sed
2502 2263 2804 2346 elephan-

445 2356 552 2418 tus
600 2373 873 2437 quoque,
921 2351 1030 2436 qui
1077 2351 1287 2416 multa
1333 2354 1675 2435 exceperat
1719 2351 1871 2434 tela,
1917 2350 2276 2417 deficiebat.
2357 2350 2587 2438 Itaque
2626 2352 2805 2417 sistit

445 2578 498 2633 d.
516 2578 572 2634 h.
602 2577 933 2633 unerhorter
958 2578 1208 2633 Martem
1235 2578 1387 2633 beim
1415 2576 1567 2635 Ster·
1676 2578 1711 2632 Ζ.
1744 2594 1894 2635 man.
1930 2578 2203 2645 mittebat,
2239 2580 2592 2635 elabebantm-
2626 2579 2803 2647 mayis

443 2649 569 2705 ben.
618 2648 732 2705 Das
752 2647 1078 2719 regierende
1091 2649 1260 2704 Wort
1282 2649 1363 2704 ist
1387 2651 1568 2719 timor,
1676 2666 1842 2718 quam
1870 2651 2303 2705 excutiebantwr.
2369 2649 2485 2705 Der
2508 2650 2801 2704 Ausdruck

442 2720 603 2774 nicht
646 2722 794 2775 etwa
837 2722 1144 2790 quicquam.
1218 2720 1322 2775 Die
1359 2720 1574 2775 Furcht
1676 2721 1822 2775 elabi
1862 2720 1940 2775 ist
1976 2722 2132 2775 stark
2168 2720 2585 2791 hyperbolisch.

443 2808 546 2847 vor
601 2791 728 2845 dem
784 2792 1108 2863 qualvollen
1153 2791 1307 2847 Τοᾶθ
1353 2792 1571 2847 durch
1750 2804 1833 2854 33.
1863 2817 1981 2855 nee
2005 2804 2281 2871 seynius
2304 2800 2529 2854 bezieht
2556 2799 2677 2853 sich
2704 2798 2806 2854 auf

445 2862 554 2917 die
591 2862 1029 2933 Elephanten
1071 2864 1299 2919 machte
1338 2862 1569 2918 erfinde-
1678 2870 1769 2926 die
1816 2888 2035 2941 ganzen
2078 2871 2577 2940 vorhergehenden
2620 2869 2799 2938 Satze,

446 2933 594 2987 risch
633 2934 710 2987 im
749 2934 988 3004 Kampfe
1024 2949 1210 3003 gegen
1246 2934 1343 2989 sie.
1676 2941 1839 2995 nicht
1892 2942 2125 3012 speciell
2179 2942 2281 2997 auf
2330 2941 2438 2995 den
2492 2940 2691 2995 letzen.
2731 2971 2799 2980 —

516 3027 601 3077 30.
640 3022 854 3092 Erqo,
889 3023 942 3077 d.
982 3021 1038 3077 h.
1074 3022 1134 3077 in
1170 3022 1347 3092 Folge
1385 3022 1569 3077 dieser
1674 3013 2066 3094 ΐῑϋθηΐὶὂᾳδ
2108 3013 2429 3067 membri&
2505 3011 2579 3066 80
2616 3013 2801 3080 flfflmt

444 3093 882 3149 verschiedenen
908 3110 1092 3163 gegen
1119 3093 1202 3147 sie
1222 3092 1571 3162 getroffenen
1675 3084 1913 3138 membra
1948 3081 2068 3137 LIV·
2107 3088 2193 3139 38·
2236 3089 2316 3137 1⁷·
2364 3088 2409 3136 ⁷·

444 3165 884 3233 Massregelnae-
904 3164 1568 3233 eaeiyebantumnaml.
1748 3168 1832 3217 34.
1870 3163 2120 3230 effuse,
2158 3162 2210 3215 d.
2236 3162 2277 3214 i.
2304 3162 2531 3226 deiecto,
2558 3177 2799 3219 excusse.

436 3250 690 3303 pavore
735 3238 787 3301 (ξ
825 3238 912 3301 16)
961 3235 1098 3291 oder
1141 3236 1332 3291 rabie
1367 3238 1422 3303 (ς
1459 3237 1568 3303 33).
1678 3234 1753 3289 So
1789 3234 2029 3288 braucht
2072 3232 2217 3287 auch
2252 3229 2441 3283 Livius
2480 3231 2579 3284 das
2614 3230 2800 3288 Wort.

445 3306 536 3375 Vg
538 3306 573 3359 l.
615 3305 758 3359 oben
793 3312 824 3371 ἓ
862 3310 894 3359 9
931 3308 1126 3363 exacti.
1201 3307 1381 3361 Unter
1414 3308 1570 3361 ultra
1674 3304 2011 3373 Vergleiche
2042 3304 2272 3373 defluere
2306 3318 2373 3357 ex
2408 3316 2543 3370 equo
2571 3300 2720 3357 oben
2750 3310 2799 3359 7.

446 3378 614 3431 aciem
657 3376 734 3429 ist
769 3376 914 3430 doch
951 3377 1104 3431 wohl
1139 3395 1206 3431 zu
1244 3378 1567 3432 verstehen.
1678 3382 1727 3430 7.
1765 3382 1853 3430 36.

448 3447 668 3502 hinter
703 3447 796 3502 die
837 3447 1302 3503 Sohlachtreihen
1343 3448 1443 3503 der
1478 3448 1567 3501 In·
1749 3460 1833 3509 35
1891 3456 2190 3510 tardius
2241 3455 2628 3507 insecutus
2680 3459 2801 3508 est

445 3518 596 3573 der'·
1668 3525 1969 3581 Vielmehr
2004 3528 2213 3580 musste
2250 3541 2315 3579 er
2349 3523 2473 3581 eine
2508 3524 2632 3579 Zeit
2666 3524 2803 3592 lang

517 3603 603 3651 31.
660 3615 697 3652 α
732 3592 1104 3683 plur-ibae,
1157 3598 1396 3667 griech..
1451 3593 1568 3652 ὑπὸ
1680 3613 1824 3667 ganz
1859 3597 1976 3651 und
2012 3614 2115 3667 gar
2142 3596 2281 3649 Halt
2310 3596 2565 3651 machen.
2596 3624 2664 3634 ——
2693 3596 2800 3649 de-

444 3669 558 3723 τῶν
607 3665 888 3734 πλεόνων·
943 3668 1118 3736 vergl.
1171 3675 1217 3723 7.
1266 3673 1316 3723 2.
1365 3674 1451 3724 31.
1500 3699 1569 3709 -
1680 3670 2004 3737 deretque.
2077 3669 2195 3721 Ans
2245 3682 2315 3721 ne
2348 3668 2427 3720 ist
2460 3672 2525 3721 ut
2566 3684 2635 3719 zu
2681 3666 2801 3721 ent-

443 3741 651 3794 multo
679 3744 836 3794 ante
861 3710 938 3793 i'st
963 3739 1349 3794 befremdlich.
1415 3738 1570 3793 Viel-
1676 3740 1938 3807 nehmen,
1975 3737 2084 3794 wie
2121 3738 2313 3808 haufig
2349 3738 2495 3792 auch
2528 3738 2621 3792 bei
2649 3734 2799 3790 Clas-

444 3811 622 3866 leicht
666 3811 844 3865 multa
888 3816 1030 3865 ante.
1079 3840 1146 3851 --
1193 3812 1569 3879 expositus,
1678 3809 1885 3864 sikern.

446 3882 638 3936 Soharf
665 3882 868 3937 betonf·
911 3882 1027 3936 und
1063 3881 1262 3935 darum
1296 3898 1474 3936 vomu
1515 3898 1571 3936 e·
1752 3895 1836 3943 36.
1894 3888 2279 3954 deficiebat.
2363 3888 2527 3941 Sinn:
2582 3902 2643 3941 er
2686 3886 2802 3955 fing

447 3953 604 4008 stellt
631 3978 698 3999 ==
727 3951 1159 4034 vollstandig
1184 3952 1490 4022 ungedec
1545 3953 1573 4005 t
1678 3976 1781 4027 an,
1826 3976 1943 4013 war
1987 3958 2135 4012 nahe
2173 3959 2376 4025 daran,
2422 3959 2543 4013 sich
2578 3976 2644 4012 zu
2678 3972 2800 4011 ver-

445 4042 485 4148 }
495 4023 1122 4149 ‘'gfflfflzaclfflffl
1159 4022 1571 4164 ἴτῖῗὲᾞέᾎῗ.
1678 4030 1927 4156 81⁸3⁶¹¹1³2
1957 4030 2316 4167 Ῡαέἒοὲἲέἳ
2342 4034 2474 4153 §13⁵⁷
2496 4028 2802 4165 mm

447 4112 638 4219 Ῐιῗξίυε
677 4166 823 4219 auch
859 4171 908 4220 9.
947 4170 998 4219 5
1037 4171 1089 4219 9-
1676 4145 1784 4227 rut.
1808 4142 1880 4213 ”-
1912 4142 2290 4239 effluxer’at
2316 4140 2421 4225 tvie
2444 4141 2638 4239 elapsa
2663 4174 2693 4234 ἓ
2713 4174 2799 4224 32.

520 4249 605 4297 32.
641 4246 856 4313 mayis
891 4244 1123 4313 elapsa
1149 4245 1254 4299 etc.
1319 4243 1426 4298 Die
1457 4244 1571 4299 ein—
1677 4242 1842 4299 Nach
1884 4240 2089 4297 Ari-ian
2133 4259 2251 4296 war
2286 4243 2383 4295 der
2428 4240 2802 4295 Erechienene

450 4310 612 4367 fache
635 4313 1039 4369 Construktion
1066 4320 1242 4369 ware.
1280 4316 1404 4383 tela,
1431 4331 1575 4385 quae
1680 4313 1908 4369 Taxilen
1928 4315 2107 4370 selbot
2120 4314 2236 4367 und
2252 4312 2463 4382 gelang
2482 4327 2541 4365 es
2561 4309 2796 4377 diesem,
