<?xml version="1.0" encoding="UTF-8"?>
<!DOCTYPE html PUBLIC "-//W3C//DTD XHTML 1.0 Transitional//EN"
    "http://www.w3.org/TR/xhtml1/DTD/xhtml1-transitional.dtd">
<html xmlns="http://www.w3.org/1999/xhtml" xml:lang="en" lang="en">
 <head>
  <title>
</title>
<meta http-equiv="Content-Type" content="text/html;charset=utf-8" />
  <meta name='ocr-system' content='tesseract 3.04.00' />
  <meta name='ocr-capabilities' content='ocr_page ocr_carea ocr_par ocr_line ocrx_word'/>
</head>
<body>
  <div class='ocr_page' id='page_1' title='image "./qcurtirufihisto00vogegoog_0267.png"; bbox 0 0 3069 4749; ppageno 0'>
   <div class='ocr_carea' id='block_1_1' title="bbox 900 138 2685 211">
    <p class='ocr_par' dir='ltr' id='par_1_1' title="bbox 900 138 2685 211">
     <span class='ocr_line' id='line_1_1' title="bbox 900 138 2685 211; baseline 0.004 -16"><span class='ocrx_word' id='word_1_1' title='bbox 900 139 1415 197; x_wconf 78' lang='lat' dir='ltr'><strong>HISTORIARUM</strong></span> <span class='ocrx_word' id='word_1_2' title='bbox 1448 138 1883 195; x_wconf 83' lang='lat' dir='ltr'>ALEXANDRI</span> <span class='ocrx_word' id='word_1_3' title='bbox 1920 138 2016 211; x_wconf 83' lang='lat' dir='ltr'><strong>VI,</strong></span> <span class='ocrx_word' id='word_1_4' title='bbox 2055 147 2103 197; x_wconf 82' lang='lat'><strong>6.</strong></span> <span class='ocrx_word' id='word_1_5' title='bbox 2596 138 2685 205; x_wconf 83' lang='grc'><strong>25</strong></span> 
     </span>
    </p>
   </div>
   <div class='ocr_carea' id='block_1_2' title="bbox 223 301 2804 1272">
    <p class='ocr_par' dir='ltr' id='par_1_2' title="bbox 223 301 2804 1272">
     <span class='ocr_line' id='line_1_2' title="bbox 325 301 2796 386; baseline 0.001 -16"><span class='ocrx_word' id='word_1_6' title='bbox 325 304 525 370; x_wconf 88' lang='lat' dir='ltr'><strong>iussit</strong></span> <span class='ocrx_word' id='word_1_7' title='bbox 567 304 637 368; x_wconf 91' lang='lat' dir='ltr'><strong>in</strong></span> <span class='ocrx_word' id='word_1_8' title='bbox 682 302 985 368; x_wconf 86' lang='lat' dir='ltr'><strong>medium.</strong></span> <span class='ocrx_word' id='word_1_9' title='bbox 1074 301 1391 367; x_wconf 76' lang='lat' dir='ltr'><strong>Planities</strong></span> <span class='ocrx_word' id='word_1_10' title='bbox 1440 304 1732 385; x_wconf 88' lang='lat' dir='ltr'><strong>spatiosa</strong></span> <span class='ocrx_word' id='word_1_11' title='bbox 1787 305 1954 381; x_wconf 87' lang='lat' dir='ltr'><strong>erat,</strong></span> <span class='ocrx_word' id='word_1_12' title='bbox 2008 302 2078 366; x_wconf 91' lang='lat' dir='ltr'><strong>in</strong></span> <span class='ocrx_word' id='word_1_13' title='bbox 2135 324 2329 386; x_wconf 91' lang='lat' dir='ltr'><strong>quam</strong></span> <span class='ocrx_word' id='word_1_14' title='bbox 2385 302 2686 369; x_wconf 83' lang='lat' dir='ltr'><strong>vehicula</strong></span> <span class='ocrx_word' id='word_1_15' title='bbox 2723 323 2796 372; x_wconf 78' lang='lat'><strong>15</strong></span> 
     </span>
     <span class='ocr_line' id='line_1_3' title="bbox 328 390 2687 475; baseline -0 -17"><span class='ocrx_word' id='word_1_16' title='bbox 328 395 566 459; x_wconf 86' lang='lat' dir='ltr'><strong>onusta</strong></span> <span class='ocrx_word' id='word_1_17' title='bbox 610 391 1064 475; x_wconf 84' lang='lat' dir='ltr'><strong>perduxerant.</strong></span> <span class='ocrx_word' id='word_1_18' title='bbox 1153 390 1670 475; x_wconf 75' lang='lat' dir='ltr'><strong>Expectantibus</strong></span> <span class='ocrx_word' id='word_1_19' title='bbox 1717 391 1988 474; x_wconf 88' lang='lat' dir='ltr'><strong>cunctis,</strong></span> <span class='ocrx_word' id='word_1_20' title='bbox 2039 391 2193 475; x_wconf 89' lang='lat' dir='ltr'><strong>quid</strong></span> <span class='ocrx_word' id='word_1_21' title='bbox 2241 390 2466 455; x_wconf 86' lang='lat' dir='ltr'><strong>deinde</strong></span> <span class='ocrx_word' id='word_1_22' title='bbox 2514 395 2687 457; x_wconf 88' lang='lat' dir='ltr'><strong>esset</strong></span> 
     </span>
     <span class='ocr_line' id='line_1_4' title="bbox 326 479 2684 566; baseline -0 -20"><span class='ocrx_word' id='word_1_23' title='bbox 326 483 794 566; x_wconf 74' lang='lat' dir='ltr'><strong>imperaturae,</strong></span> <span class='ocrx_word' id='word_1_24' title='bbox 860 482 1148 545; x_wconf 90' lang='lat' dir='ltr'><strong>iumenta</strong></span> <span class='ocrx_word' id='word_1_25' title='bbox 1203 479 1395 545; x_wconf 89' lang='lat' dir='ltr'><strong>iussit</strong></span> <span class='ocrx_word' id='word_1_26' title='bbox 1446 479 1680 543; x_wconf 88' lang='lat' dir='ltr'><strong>abduci</strong></span> <span class='ocrx_word' id='word_1_27' title='bbox 1745 480 2004 563; x_wconf 90' lang='lat' dir='ltr'><strong>suisque</strong></span> <span class='ocrx_word' id='word_1_28' title='bbox 2068 480 2352 563; x_wconf 88' lang='lat' dir='ltr'><strong>primum</strong></span> <span class='ocrx_word' id='word_1_29' title='bbox 2409 481 2684 557; x_wconf 72' lang='lat' dir='ltr'><strong>sarcinis</strong></span> 
     </span>
     <span class='ocr_line' id='line_1_5' title="bbox 326 566 2800 652; baseline 0 -16"><span class='ocrx_word' id='word_1_30' title='bbox 326 571 469 636; x_wconf 88' lang='lat' dir='ltr'><strong>face</strong></span> <span class='ocrx_word' id='word_1_31' title='bbox 510 567 773 634; x_wconf 85' lang='lat' dir='ltr'><strong>subdita</strong></span> <span class='ocrx_word' id='word_1_32' title='bbox 812 572 1061 633; x_wconf 83' lang='lat' dir='ltr'><strong>ceteras</strong></span> <span class='ocrx_word' id='word_1_33' title='bbox 1098 567 1354 632; x_wconf 89' lang='lat' dir='ltr'><strong>incendi</strong></span> <span class='ocrx_word' id='word_1_34' title='bbox 1390 568 1742 651; x_wconf 88' lang='lat' dir='ltr'><strong>praecepit.</strong></span> <span class='ocrx_word' id='word_1_35' title='bbox 1823 566 2228 652; x_wconf 85' lang='lat' dir='ltr'><strong>Flagrabant</strong></span> <span class='ocrx_word' id='word_1_36' title='bbox 2269 568 2685 634; x_wconf 81' lang='lat' dir='ltr'><strong>exurentibus</strong></span> <span class='ocrx_word' id='word_1_37' title='bbox 2725 589 2800 637; x_wconf 70' lang='lat'><strong>16</strong></span> 
     </span>
     <span class='ocr_line' id='line_1_6' title="bbox 326 654 2687 742; baseline -0.001 -19"><span class='ocrx_word' id='word_1_38' title='bbox 326 658 637 742; x_wconf 86' lang='lat' dir='ltr'><strong>dominis,</strong></span> <span class='ocrx_word' id='word_1_39' title='bbox 696 678 861 741; x_wconf 89' lang='lat' dir='ltr'><strong>quae</strong></span> <span class='ocrx_word' id='word_1_40' title='bbox 907 659 983 721; x_wconf 91' lang='lat' dir='ltr'><strong>ut</strong></span> <span class='ocrx_word' id='word_1_41' title='bbox 1026 658 1277 722; x_wconf 89' lang='lat' dir='ltr'><strong>intacta</strong></span> <span class='ocrx_word' id='word_1_42' title='bbox 1326 678 1404 721; x_wconf 84' lang='lat' dir='ltr'><strong>ex</strong></span> <span class='ocrx_word' id='word_1_43' title='bbox 1448 656 1723 721; x_wconf 86' lang='lat' dir='ltr'><strong>urbibus</strong></span> <span class='ocrx_word' id='word_1_44' title='bbox 1769 654 2061 721; x_wconf 87' lang='lat' dir='ltr'><strong>hostium</strong></span> <span class='ocrx_word' id='word_1_45' title='bbox 2108 660 2438 741; x_wconf 81' lang='lat' dir='ltr'><strong>raperent,</strong></span> <span class='ocrx_word' id='word_1_46' title='bbox 2496 678 2687 741; x_wconf 82' lang='lat' dir='ltr'><strong>saepe</strong></span> 
     </span>
     <span class='ocr_line' id='line_1_7' title="bbox 329 744 2688 830; baseline -0.001 -19"><span class='ocrx_word' id='word_1_47' title='bbox 329 748 625 811; x_wconf 88' lang='lat' dir='ltr'><strong>flammas</strong></span> <span class='ocrx_word' id='word_1_48' title='bbox 672 747 1137 824; x_wconf 77' lang='lat' dir='ltr'><strong>restinxerunt,</strong></span> <span class='ocrx_word' id='word_1_49' title='bbox 1180 744 1363 811; x_wconf 90' lang='lat' dir='ltr'><strong>nullo</strong></span> <span class='ocrx_word' id='word_1_50' title='bbox 1407 745 1745 830; x_wconf 84' lang='lat' dir='ltr'><strong>sanguinis</strong></span> <span class='ocrx_word' id='word_1_51' title='bbox 1791 745 2077 827; x_wconf 91' lang='lat' dir='ltr'><strong>pretium</strong></span> <span class='ocrx_word' id='word_1_52' title='bbox 2115 744 2390 809; x_wconf 87' lang='lat' dir='ltr'><strong>audente</strong></span> <span class='ocrx_word' id='word_1_53' title='bbox 2437 744 2688 829; x_wconf 87' lang='lat' dir='ltr'><strong>deflere,</strong></span> 
     </span>
     <span class='ocr_line' id='line_1_8' title="bbox 332 831 2798 919; baseline 0.001 -19"><span class='ocrx_word' id='word_1_54' title='bbox 332 857 477 900; x_wconf 88' lang='lat' dir='ltr'><strong>cum</strong></span> <span class='ocrx_word' id='word_1_55' title='bbox 522 835 739 919; x_wconf 87' lang='lat' dir='ltr'><strong>regias</strong></span> <span class='ocrx_word' id='word_1_56' title='bbox 777 856 935 918; x_wconf 90' lang='lat' dir='ltr'><strong>opes</strong></span> <span class='ocrx_word' id='word_1_57' title='bbox 972 834 1144 899; x_wconf 85' lang='lat' dir='ltr'><strong>idem</strong></span> <span class='ocrx_word' id='word_1_58' title='bbox 1190 834 1364 917; x_wconf 87' lang='lat' dir='ltr'><strong>ignis</strong></span> <span class='ocrx_word' id='word_1_59' title='bbox 1402 836 1716 897; x_wconf 85' lang='lat' dir='ltr'><strong>exureret.</strong></span> <span class='ocrx_word' id='word_1_60' title='bbox 1789 831 1986 897; x_wconf 79' lang='lat' dir='ltr'><strong>Brevi</strong></span> <span class='ocrx_word' id='word_1_61' title='bbox 2034 832 2262 898; x_wconf 87' lang='lat' dir='ltr'><strong>deinde</strong></span> <span class='ocrx_word' id='word_1_62' title='bbox 2302 833 2471 898; x_wconf 88' lang='lat' dir='ltr'><strong>ratio</strong></span> <span class='ocrx_word' id='word_1_63' title='bbox 2518 834 2689 899; x_wconf 89' lang='lat' dir='ltr'><strong>miti·</strong></span> <span class='ocrx_word' id='word_1_64' title='bbox 2728 854 2798 903; x_wconf 79' lang='grc'><strong>17</strong></span> 
     </span>
     <span class='ocr_line' id='line_1_9' title="bbox 334 920 2688 1009; baseline -0 -21"><span class='ocrx_word' id='word_1_65' title='bbox 334 924 512 1009; x_wconf 78' lang='lat' dir='ltr'><strong>gavit</strong></span> <span class='ocrx_word' id='word_1_66' title='bbox 568 923 860 988; x_wconf 87' lang='lat' dir='ltr'><strong>dolorem</strong></span> <span class='ocrx_word' id='word_1_67' title='bbox 912 922 1292 1005; x_wconf 86' lang='lat' dir='ltr'><strong>habilesque</strong></span> <span class='ocrx_word' id='word_1_68' title='bbox 1350 920 1631 987; x_wconf 90' lang='lat' dir='ltr'><strong>militiae</strong></span> <span class='ocrx_word' id='word_1_69' title='bbox 1686 924 1754 986; x_wconf 88' lang='lat' dir='ltr'><strong>et</strong></span> <span class='ocrx_word' id='word_1_70' title='bbox 1809 920 1891 987; x_wconf 88' lang='lat' dir='ltr'><strong>ad</strong></span> <span class='ocrx_word' id='word_1_71' title='bbox 1936 921 2160 986; x_wconf 88' lang='lat' dir='ltr'><strong>omnia</strong></span> <span class='ocrx_word' id='word_1_72' title='bbox 2213 922 2432 1004; x_wconf 86' lang='lat' dir='ltr'><strong>parati</strong></span> <span class='ocrx_word' id='word_1_73' title='bbox 2484 921 2688 987; x_wconf 85' lang='lat' dir='ltr'><strong>laeta-</strong></span> 
     </span>
     <span class='ocr_line' id='line_1_10' title="bbox 330 1008 2689 1096; baseline -0.001 -19"><span class='ocrx_word' id='word_1_74' title='bbox 330 1014 570 1077; x_wconf 87' lang='lat' dir='ltr'><strong>bantur</strong></span> <span class='ocrx_word' id='word_1_75' title='bbox 625 1011 1024 1076; x_wconf 88' lang='lat' dir='ltr'><strong>sarcinarum</strong></span> <span class='ocrx_word' id='word_1_76' title='bbox 1089 1010 1310 1092; x_wconf 87' lang='lat' dir='ltr'><strong>potius</strong></span> <span class='ocrx_word' id='word_1_77' title='bbox 1369 1032 1565 1096; x_wconf 89' lang='lat' dir='ltr'><strong>quam</strong></span> <span class='ocrx_word' id='word_1_78' title='bbox 1622 1009 2004 1094; x_wconf 85' lang='lat' dir='ltr'><strong>disciplinae</strong></span> <span class='ocrx_word' id='word_1_79' title='bbox 2067 1008 2300 1074; x_wconf 88' lang='lat' dir='ltr'><strong>fecisse</strong></span> <span class='ocrx_word' id='word_1_80' title='bbox 2353 1010 2689 1076; x_wconf 89' lang='lat' dir='ltr'><strong>iacturam.</strong></span> 
     </span>
     <span class='ocr_line' id='line_1_11' title="bbox 223 1096 2804 1185; baseline 0 -17"><span class='ocrx_word' id='word_1_81' title='bbox 223 1102 311 1168; x_wconf 83' lang='lat'><strong>22</strong></span> <span class='ocrx_word' id='word_1_82' title='bbox 330 1100 545 1185; x_wconf 83' lang='lat' dir='ltr'><strong>Igitur</strong></span> <span class='ocrx_word' id='word_1_83' title='bbox 598 1099 1015 1165; x_wconf 79' lang='lat' dir='ltr'><strong>Bactrianam</strong></span> <span class='ocrx_word' id='word_1_84' title='bbox 1068 1099 1401 1184; x_wconf 85' lang='lat' dir='ltr'><strong>regionem</strong></span> <span class='ocrx_word' id='word_1_85' title='bbox 1456 1099 1788 1183; x_wconf 87' lang='lat' dir='ltr'><strong>petebant.</strong></span> <span class='ocrx_word' id='word_1_86' title='bbox 1881 1096 2009 1163; x_wconf 84' lang='lat' dir='ltr'><strong>Sed</strong></span> <span class='ocrx_word' id='word_1_87' title='bbox 2064 1096 2378 1183; x_wconf 82' lang='lat' dir='ltr'><strong>Nicanor,</strong></span> <span class='ocrx_word' id='word_1_88' title='bbox 2432 1098 2690 1165; x_wconf 86' lang='lat' dir='ltr'><strong>Parme·</strong></span> <span class='ocrx_word' id='word_1_89' title='bbox 2730 1120 2804 1169; x_wconf 66' lang='grc'><strong>18»</strong></span> 
     </span>
     <span class='ocr_line' id='line_1_12' title="bbox 330 1186 2688 1272; baseline -0.001 -18"><span class='ocrx_word' id='word_1_90' title='bbox 330 1189 549 1255; x_wconf 90' lang='lat' dir='ltr'><strong>nionis</strong></span> <span class='ocrx_word' id='word_1_91' title='bbox 593 1188 793 1272; x_wconf 90' lang='lat' dir='ltr'><strong>filius,</strong></span> <span class='ocrx_word' id='word_1_92' title='bbox 848 1188 1069 1253; x_wconf 87' lang='lat' dir='ltr'><strong>subita</strong></span> <span class='ocrx_word' id='word_1_93' title='bbox 1113 1190 1321 1252; x_wconf 88' lang='lat' dir='ltr'><strong>morte</strong></span> <span class='ocrx_word' id='word_1_94' title='bbox 1368 1190 1703 1270; x_wconf 90' lang='lat' dir='ltr'><strong>correptus</strong></span> <span class='ocrx_word' id='word_1_95' title='bbox 1759 1206 2000 1271; x_wconf 81' lang='lat' dir='ltr'><strong>magno</strong></span> <span class='ocrx_word' id='word_1_96' title='bbox 2058 1186 2374 1253; x_wconf 80' lang='lat' dir='ltr'><strong>desiderio</strong></span> <span class='ocrx_word' id='word_1_97' title='bbox 2434 1188 2534 1251; x_wconf 90' lang='lat' dir='ltr'><strong>sui</strong></span> <span class='ocrx_word' id='word_1_98' title='bbox 2581 1188 2688 1252; x_wconf 88' lang='lat' dir='ltr'><strong>ad-</strong></span> 
     </span>
    </p>
   </div>
   <div class='ocr_carea' id='block_1_3' title="bbox 333 1277 921 1341">
    <p class='ocr_par' dir='ltr' id='par_1_3' title="bbox 333 1277 921 1341">
     <span class='ocr_line' id='line_1_13' title="bbox 333 1277 921 1341; baseline 0 0"><span class='ocrx_word' id='word_1_99' title='bbox 333 1277 579 1341; x_wconf 85' lang='lat' dir='ltr'><strong>fecerat</strong></span> <span class='ocrx_word' id='word_1_100' title='bbox 636 1280 921 1341; x_wconf 89' lang='lat' dir='ltr'><strong>cunctos.</strong></span> 
     </span>
    </p>
   </div>
   <div class='ocr_carea' id='block_1_4' title="bbox 1018 1274 2801 1360">
    <p class='ocr_par' dir='ltr' id='par_1_4' title="bbox 1018 1274 2801 1360">
     <span class='ocr_line' id='line_1_14' title="bbox 1018 1274 2801 1360; baseline 0.002 -19"><span class='ocrx_word' id='word_1_101' title='bbox 1018 1276 1159 1341; x_wconf 84' lang='lat' dir='ltr'><strong>Rex</strong></span> <span class='ocrx_word' id='word_1_102' title='bbox 1218 1278 1371 1341; x_wconf 90' lang='lat' dir='ltr'><strong>ante</strong></span> <span class='ocrx_word' id='word_1_103' title='bbox 1425 1296 1653 1340; x_wconf 89' lang='lat' dir='ltr'><strong>omnes</strong></span> <span class='ocrx_word' id='word_1_104' title='bbox 1719 1277 2005 1340; x_wconf 89' lang='lat' dir='ltr'><strong>maestus</strong></span> <span class='ocrx_word' id='word_1_105' title='bbox 2061 1274 2367 1359; x_wconf 89' lang='lat' dir='ltr'><strong>cupiebat</strong></span> <span class='ocrx_word' id='word_1_106' title='bbox 2430 1276 2691 1360; x_wconf 87' lang='lat' dir='ltr'><strong>quidem</strong></span> <span class='ocrx_word' id='word_1_107' title='bbox 2729 1296 2801 1345; x_wconf 81' lang='lat'><strong>19-</strong></span> 
     </span>
    </p>
   </div>
   <div class='ocr_carea' id='block_1_5' title="bbox 333 1363 2810 2424">
    <p class='ocr_par' dir='ltr' id='par_1_5' title="bbox 333 1363 2692 1627">
     <span class='ocr_line' id='line_1_15' title="bbox 334 1363 2691 1449; baseline -0.001 -18"><span class='ocrx_word' id='word_1_108' title='bbox 334 1366 687 1431; x_wconf 89' lang='lat' dir='ltr'><strong>subsistere</strong></span> <span class='ocrx_word' id='word_1_109' title='bbox 732 1364 945 1431; x_wconf 90' lang='lat' dir='ltr'><strong>funeri</strong></span> <span class='ocrx_word' id='word_1_110' title='bbox 983 1364 1347 1449; x_wconf 85' lang='lat' dir='ltr'><strong>adfuturus,</strong></span> <span class='ocrx_word' id='word_1_111' title='bbox 1372 1364 1510 1429; x_wconf 81' lang='lat' dir='ltr'><strong>&#39;sed</strong></span> <span class='ocrx_word' id='word_1_112' title='bbox 1554 1364 1828 1447; x_wconf 90' lang='lat' dir='ltr'><strong>penuria</strong></span> <span class='ocrx_word' id='word_1_113' title='bbox 1863 1368 2339 1428; x_wconf 86' lang='lat' dir='ltr'><strong>commeatuum</strong></span> <span class='ocrx_word' id='word_1_114' title='bbox 2380 1363 2691 1429; x_wconf 88' lang='lat' dir='ltr'><strong>festinare</strong></span> 
     </span>
     <span class='ocr_line' id='line_1_16' title="bbox 334 1452 2692 1538; baseline 0 -19"><span class='ocrx_word' id='word_1_115' title='bbox 334 1454 628 1538; x_wconf 87' lang='lat' dir='ltr'><strong>cogebat.</strong></span> <span class='ocrx_word' id='word_1_116' title='bbox 718 1453 949 1537; x_wconf 89' lang='lat' dir='ltr'><strong>Itaque</strong></span> <span class='ocrx_word' id='word_1_117' title='bbox 993 1452 1295 1518; x_wconf 87' lang='lat' dir='ltr'><strong>Philotas</strong></span> <span class='ocrx_word' id='word_1_118' title='bbox 1342 1474 1487 1517; x_wconf 90' lang='lat' dir='ltr'><strong>cum</strong></span> <span class='ocrx_word' id='word_1_119' title='bbox 1545 1452 1796 1518; x_wconf 88' lang='lat' dir='ltr'><strong>duobus</strong></span> <span class='ocrx_word' id='word_1_120' title='bbox 1843 1452 2110 1517; x_wconf 78' lang='lat' dir='ltr'><strong>milibus</strong></span> <span class='ocrx_word' id='word_1_121' title='bbox 2155 1456 2221 1516; x_wconf 89' lang='lat' dir='ltr'><strong>et</strong></span> <span class='ocrx_word' id='word_1_122' title='bbox 2265 1469 2357 1518; x_wconf 84' lang='lat' dir='ltr'><strong>Dc</strong></span> <span class='ocrx_word' id='word_1_123' title='bbox 2403 1454 2692 1538; x_wconf 87' lang='lat' dir='ltr'><strong>relictus,</strong></span> 
     </span>
     <span class='ocr_line' id='line_1_17' title="bbox 333 1540 2371 1627; baseline -0.001 -20"><span class='ocrx_word' id='word_1_124' title='bbox 333 1545 409 1607; x_wconf 90' lang='lat' dir='ltr'><strong>ut</strong></span> <span class='ocrx_word' id='word_1_125' title='bbox 451 1542 629 1607; x_wconf 84' lang='lat' dir='ltr'><strong>iusta</strong></span> <span class='ocrx_word' id='word_1_126' title='bbox 671 1541 863 1607; x_wconf 87' lang='lat' dir='ltr'><strong>fratri</strong></span> <span class='ocrx_word' id='word_1_127' title='bbox 906 1542 1337 1627; x_wconf 87' lang='lat' dir='ltr'><strong>persolveret:</strong></span> <span class='ocrx_word' id='word_1_128' title='bbox 1384 1542 1527 1624; x_wconf 91' lang='lat' dir='ltr'><strong>ipse</strong></span> <span class='ocrx_word' id='word_1_129' title='bbox 1575 1540 1911 1605; x_wconf 85' lang='lat' dir='ltr'><strong>contendit</strong></span> <span class='ocrx_word' id='word_1_130' title='bbox 1955 1540 2036 1605; x_wconf 85' lang='lat' dir='ltr'><strong>ad</strong></span> <span class='ocrx_word' id='word_1_131' title='bbox 2077 1540 2371 1605; x_wconf 89' lang='lat' dir='ltr'><strong>Bessum.</strong></span> 
     </span>
    </p>

    <p class='ocr_par' dir='ltr' id='par_1_6' title="bbox 335 1628 2810 2424">
     <span class='ocr_line' id='line_1_18' title="bbox 514 1628 2810 1714; baseline 0 -20"><span class='ocrx_word' id='word_1_132' title='bbox 514 1629 651 1695; x_wconf 89' lang='lat' dir='ltr'><strong>Iter</strong></span> <span class='ocrx_word' id='word_1_133' title='bbox 695 1630 965 1696; x_wconf 85' lang='lat' dir='ltr'><strong>facienti</strong></span> <span class='ocrx_word' id='word_1_134' title='bbox 1012 1631 1071 1695; x_wconf 91' lang='lat' dir='ltr'><strong>ei</strong></span> <span class='ocrx_word' id='word_1_135' title='bbox 1117 1630 1381 1696; x_wconf 84' lang='lat' dir='ltr'><strong>litterae</strong></span> <span class='ocrx_word' id='word_1_136' title='bbox 1418 1629 1801 1695; x_wconf 85' lang='lat' dir='ltr'><strong>adferuntur</strong></span> <span class='ocrx_word' id='word_1_137' title='bbox 1847 1651 1886 1693; x_wconf 88' lang='lat' dir='ltr'><strong>a</strong></span> <span class='ocrx_word' id='word_1_138' title='bbox 1931 1628 2225 1693; x_wconf 86' lang='lat' dir='ltr'><strong>finitimis</strong></span> <span class='ocrx_word' id='word_1_139' title='bbox 2265 1632 2693 1714; x_wconf 82' lang='lat' dir='ltr'><strong>satraparum,</strong></span> <span class='ocrx_word' id='word_1_140' title='bbox 2730 1652 2810 1700; x_wconf 71' lang='lat'><strong>20</strong></span> 
     </span>
     <span class='ocr_line' id='line_1_19' title="bbox 340 1716 2693 1803; baseline 0 -21"><span class='ocrx_word' id='word_1_141' title='bbox 340 1739 375 1783; x_wconf 92' lang='lat' dir='ltr'><strong>e</strong></span> <span class='ocrx_word' id='word_1_142' title='bbox 442 1718 677 1801; x_wconf 88' lang='lat' dir='ltr'><strong>quibus</strong></span> <span class='ocrx_word' id='word_1_143' title='bbox 742 1720 1079 1803; x_wconf 83' lang='lat' dir='ltr'><strong>cognoscit</strong></span> <span class='ocrx_word' id='word_1_144' title='bbox 1135 1718 1409 1784; x_wconf 87' lang='lat' dir='ltr'><strong>Bessum</strong></span> <span class='ocrx_word' id='word_1_145' title='bbox 1476 1718 1736 1802; x_wconf 90' lang='lat' dir='ltr'><strong>quidem</strong></span> <span class='ocrx_word' id='word_1_146' title='bbox 1799 1716 2028 1783; x_wconf 88' lang='lat' dir='ltr'><strong>hostili</strong></span> <span class='ocrx_word' id='word_1_147' title='bbox 2083 1718 2302 1782; x_wconf 89' lang='lat' dir='ltr'><strong>animo</strong></span> <span class='ocrx_word' id='word_1_148' title='bbox 2359 1738 2693 1783; x_wconf 89' lang='lat' dir='ltr'><strong>occurrere</strong></span> 
     </span>
     <span class='ocr_line' id='line_1_20' title="bbox 338 1805 2693 1891; baseline 0 -20"><span class='ocrx_word' id='word_1_149' title='bbox 338 1828 485 1871; x_wconf 87' lang='lat' dir='ltr'><strong>cum</strong></span> <span class='ocrx_word' id='word_1_150' title='bbox 532 1808 844 1891; x_wconf 86' lang='lat' dir='ltr'><strong>exercitu,</strong></span> <span class='ocrx_word' id='word_1_151' title='bbox 890 1811 1174 1873; x_wconf 89' lang='lat' dir='ltr'><strong>ceterum</strong></span> <span class='ocrx_word' id='word_1_152' title='bbox 1216 1805 1714 1890; x_wconf 86' lang='lat' dir='ltr'><strong>Satibarzanen,</strong></span> <span class='ocrx_word' id='word_1_153' title='bbox 1762 1826 1955 1889; x_wconf 89' lang='lat' dir='ltr'><strong>quem</strong></span> <span class='ocrx_word' id='word_1_154' title='bbox 2001 1808 2338 1889; x_wconf 88' lang='lat' dir='ltr'><strong>satrapeae</strong></span> <span class='ocrx_word' id='word_1_155' title='bbox 2384 1805 2693 1871; x_wconf 77' lang='lat' dir='ltr'><strong>Ariorum</strong></span> 
     </span>
     <span class='ocr_line' id='line_1_21' title="bbox 335 1892 2798 1981; baseline 0 -22"><span class='ocrx_word' id='word_1_156' title='bbox 335 1895 476 1979; x_wconf 86' lang='lat' dir='ltr'><strong>ipse</strong></span> <span class='ocrx_word' id='word_1_157' title='bbox 530 1894 979 1981; x_wconf 86' lang='lat' dir='ltr'><strong>praefecisset,</strong></span> <span class='ocrx_word' id='word_1_158' title='bbox 1042 1896 1353 1960; x_wconf 87' lang='lat' dir='ltr'><strong>defecisse</strong></span> <span class='ocrx_word' id='word_1_159' title='bbox 1412 1896 1494 1959; x_wconf 91' lang='lat' dir='ltr'><strong>ab</strong></span> <span class='ocrx_word' id='word_1_160' title='bbox 1554 1917 1647 1960; x_wconf 90' lang='lat' dir='ltr'><strong>eo.</strong></span> <span class='ocrx_word' id='word_1_161' title='bbox 1748 1892 1980 1978; x_wconf 89' lang='lat' dir='ltr'><strong>Itaque</strong></span> <span class='ocrx_word' id='word_1_162' title='bbox 2037 1916 2432 1979; x_wconf 89' lang='lat' dir='ltr'><strong>quamquam</strong></span> <span class='ocrx_word' id='word_1_163' title='bbox 2487 1892 2692 1960; x_wconf 87' lang='lat' dir='ltr'><strong>Besso</strong></span> <span class='ocrx_word' id='word_1_164' title='bbox 2731 1919 2798 1968; x_wconf 84' lang='lat'><strong>21</strong></span> 
     </span>
     <span class='ocr_line' id='line_1_22' title="bbox 337 1981 2695 2069; baseline 0.001 -22"><span class='ocrx_word' id='word_1_165' title='bbox 337 1984 751 2069; x_wconf 89' lang='lat' dir='ltr'><strong>imminebat,</strong></span> <span class='ocrx_word' id='word_1_166' title='bbox 804 1988 1027 2049; x_wconf 90' lang='lat' dir='ltr'><strong>tamen</strong></span> <span class='ocrx_word' id='word_1_167' title='bbox 1072 1981 1541 2049; x_wconf 84' lang='lat' dir='ltr'><strong>Satibarzanen</strong></span> <span class='ocrx_word' id='word_1_168' title='bbox 1596 1981 2096 2066; x_wconf 87' lang='lat' dir='ltr'><strong>opprimendum</strong></span> <span class='ocrx_word' id='word_1_169' title='bbox 2149 1983 2477 2066; x_wconf 83' lang='lat' dir='ltr'><strong>praeverti</strong></span> <span class='ocrx_word' id='word_1_170' title='bbox 2527 1985 2695 2067; x_wconf 84' lang='lat' dir='ltr'><strong>opti-</strong></span> 
     </span>
     <span class='ocr_line' id='line_1_23' title="bbox 338 2070 2695 2156; baseline 0 -19"><span class='ocrx_word' id='word_1_171' title='bbox 338 2094 519 2137; x_wconf 91' lang='lat' dir='ltr'><strong>mum</strong></span> <span class='ocrx_word' id='word_1_172' title='bbox 562 2076 743 2137; x_wconf 87' lang='lat' dir='ltr'><strong>ratus</strong></span> <span class='ocrx_word' id='word_1_173' title='bbox 795 2072 1005 2138; x_wconf 84' lang='lat' dir='ltr'><strong>levem</strong></span> <span class='ocrx_word' id='word_1_174' title='bbox 1053 2076 1451 2138; x_wconf 86' lang='lat' dir='ltr'><strong>armaturam</strong></span> <span class='ocrx_word' id='word_1_175' title='bbox 1496 2076 1564 2136; x_wconf 90' lang='lat' dir='ltr'><strong>et</strong></span> <span class='ocrx_word' id='word_1_176' title='bbox 1611 2074 1942 2156; x_wconf 88' lang='lat' dir='ltr'><strong>equestres</strong></span> <span class='ocrx_word' id='word_1_177' title='bbox 1989 2070 2210 2155; x_wconf 85' lang='lat' dir='ltr'><strong>copias</strong></span> <span class='ocrx_word' id='word_1_178' title='bbox 2257 2071 2473 2149; x_wconf 86' lang='lat' dir='ltr'><strong>educit</strong></span> <span class='ocrx_word' id='word_1_179' title='bbox 2522 2074 2695 2137; x_wconf 88' lang='lat' dir='ltr'><strong>tota-</strong></span> 
     </span>
     <span class='ocr_line' id='line_1_24' title="bbox 342 2158 2697 2245; baseline 0 -20"><span class='ocrx_word' id='word_1_180' title='bbox 342 2182 467 2245; x_wconf 89' lang='lat' dir='ltr'><strong>que</strong></span> <span class='ocrx_word' id='word_1_181' title='bbox 520 2164 709 2227; x_wconf 89' lang='lat' dir='ltr'><strong>nocte</strong></span> <span class='ocrx_word' id='word_1_182' title='bbox 764 2161 999 2226; x_wconf 90' lang='lat' dir='ltr'><strong>itinere</strong></span> <span class='ocrx_word' id='word_1_183' title='bbox 1057 2164 1320 2227; x_wconf 89' lang='lat' dir='ltr'><strong>strenue</strong></span> <span class='ocrx_word' id='word_1_184' title='bbox 1390 2159 1568 2225; x_wconf 86' lang='lat' dir='ltr'><strong>facto</strong></span> <span class='ocrx_word' id='word_1_185' title='bbox 1633 2158 2004 2244; x_wconf 87' lang='lat' dir='ltr'><strong>inprovisus</strong></span> <span class='ocrx_word' id='word_1_186' title='bbox 2070 2160 2249 2225; x_wconf 89' lang='lat' dir='ltr'><strong>hosti</strong></span> <span class='ocrx_word' id='word_1_187' title='bbox 2307 2161 2697 2244; x_wconf 84' lang='lat' dir='ltr'><strong>supervenit.</strong></span> 
     </span>
     <span class='ocr_line' id='line_1_25' title="bbox 341 2247 2808 2333; baseline -0 -19"><span class='ocrx_word' id='word_1_188' title='bbox 341 2247 541 2315; x_wconf 86' lang='lat' dir='ltr'><strong>Cuius</strong></span> <span class='ocrx_word' id='word_1_189' title='bbox 588 2250 853 2333; x_wconf 87' lang='lat' dir='ltr'><strong>cognito</strong></span> <span class='ocrx_word' id='word_1_190' title='bbox 902 2250 1181 2315; x_wconf 82' lang='lat' dir='ltr'><strong>adventu</strong></span> <span class='ocrx_word' id='word_1_191' title='bbox 1218 2248 1672 2316; x_wconf 82' lang='lat' dir='ltr'><strong>Satibarzanes</strong></span> <span class='ocrx_word' id='word_1_192' title='bbox 1716 2268 1863 2313; x_wconf 89' lang='lat' dir='ltr'><strong>cum</strong></span> <span class='ocrx_word' id='word_1_193' title='bbox 1909 2247 2160 2314; x_wconf 89' lang='lat' dir='ltr'><strong>duobus</strong></span> <span class='ocrx_word' id='word_1_194' title='bbox 2209 2249 2472 2313; x_wconf 90' lang='lat' dir='ltr'><strong>milibus</strong></span> <span class='ocrx_word' id='word_1_195' title='bbox 2521 2249 2696 2333; x_wconf 91' lang='lat' dir='ltr'><strong>equi·</strong></span> <span class='ocrx_word' id='word_1_196' title='bbox 2734 2273 2808 2323; x_wconf 74' lang='lat'><strong>22</strong></span> 
     </span>
     <span class='ocr_line' id='line_1_26' title="bbox 339 2337 2699 2424; baseline 0 -20"><span class='ocrx_word' id='word_1_197' title='bbox 339 2342 480 2404; x_wconf 90' lang='lat' dir='ltr'><strong>tum</strong></span> <span class='ocrx_word' id='word_1_198' title='bbox 514 2374 590 2386; x_wconf 89' lang='lat'><strong>—-</strong></span> <span class='ocrx_word' id='word_1_199' title='bbox 624 2358 742 2404; x_wconf 88' lang='lat' dir='ltr'><strong>nec</strong></span> <span class='ocrx_word' id='word_1_200' title='bbox 786 2339 1009 2424; x_wconf 88' lang='lat' dir='ltr'><strong>plures</strong></span> <span class='ocrx_word' id='word_1_201' title='bbox 1052 2338 1268 2404; x_wconf 87' lang='lat' dir='ltr'><strong>subito</strong></span> <span class='ocrx_word' id='word_1_202' title='bbox 1308 2338 1608 2405; x_wconf 89' lang='lat' dir='ltr'><strong>contrahi</strong></span> <span class='ocrx_word' id='word_1_203' title='bbox 1652 2339 1961 2423; x_wconf 86' lang='lat' dir='ltr'><strong>poterant</strong></span> <span class='ocrx_word' id='word_1_204' title='bbox 1987 2374 2072 2386; x_wconf 91' lang='lat'>—</span> <span class='ocrx_word' id='word_1_205' title='bbox 2103 2337 2346 2404; x_wconf 88' lang='lat' dir='ltr'><strong>Bactra</strong></span> <span class='ocrx_word' id='word_1_206' title='bbox 2390 2337 2699 2424; x_wconf 85' lang='lat' dir='ltr'><strong>perfugit,</strong></span> 
     </span>
    </p>
   </div>
   <div class='ocr_carea' id='block_1_6' title="bbox 339 2541 1494 2633">
    <p class='ocr_par' dir='ltr' id='par_1_7' title="bbox 339 2541 1494 2633">
     <span class='ocr_line' id='line_1_27' title="bbox 339 2541 1494 2633; baseline 0 -13"><span class='ocrx_word' id='word_1_207' title='bbox 339 2567 488 2620; x_wconf 78' lang='lat' dir='ltr'><strong>rium</strong></span> <span class='ocrx_word' id='word_1_208' title='bbox 533 2566 735 2632; x_wconf 79' lang='lat' dir='ltr'><strong>referre</strong></span> <span class='ocrx_word' id='word_1_209' title='bbox 781 2566 914 2622; x_wconf 84' lang='lat' dir='ltr'><strong>oder</strong></span> <span class='ocrx_word' id='word_1_210' title='bbox 960 2567 1184 2633; x_wconf 78' lang='lat' dir='ltr'><strong>deferre.</strong></span> <span class='ocrx_word' id='word_1_211' title='bbox 1265 2541 1494 2620; x_wconf 43' lang='lat' dir='ltr'><strong>Beides&#39;</strong></span> 
     </span>
    </p>
   </div>
   <div class='ocr_carea' id='block_1_7' title="bbox 341 2636 1467 2914">
    <p class='ocr_par' dir='ltr' id='par_1_8' title="bbox 341 2636 1276 2693">
     <span class='ocr_line' id='line_1_28' title="bbox 341 2636 1276 2693; baseline 0.001 -3"><span class='ocrx_word' id='word_1_212' title='bbox 341 2653 533 2692; x_wconf 83' lang='lat' dir='ltr'><strong>waren</strong></span> <span class='ocrx_word' id='word_1_213' title='bbox 566 2639 611 2692; x_wconf 91' lang='lat' dir='ltr'><strong>t.-</strong></span> <span class='ocrx_word' id='word_1_214' title='bbox 646 2640 687 2693; x_wconf 90' lang='lat' dir='ltr'><strong>t.</strong></span> <span class='ocrx_word' id='word_1_215' title='bbox 725 2636 816 2691; x_wconf 68' lang='lat' dir='ltr'><strong>fiir</strong></span> <span class='ocrx_word' id='word_1_216' title='bbox 857 2636 1276 2692; x_wconf 79' lang='lat' dir='ltr'><strong>‘abffihren&#39;.</strong></span> 
     </span>
    </p>

    <p class='ocr_par' dir='ltr' id='par_1_9' title="bbox 344 2715 1467 2914">
     <span class='ocr_line' id='line_1_29' title="bbox 418 2715 1466 2786; baseline 0 -16"><span class='ocrx_word' id='word_1_217' title='bbox 418 2721 501 2770; x_wconf 83' lang='lat'><strong>15.</strong></span> <span class='ocrx_word' id='word_1_218' title='bbox 531 2718 883 2786; x_wconf 77' lang='lat' dir='ltr'><strong>praecepit</strong></span> <span class='ocrx_word' id='word_1_219' title='bbox 918 2715 997 2772; x_wconf 81' lang='lat' dir='ltr'><strong>ist</strong></span> <span class='ocrx_word' id='word_1_220' title='bbox 1031 2715 1335 2772; x_wconf 82' lang='lat' dir='ltr'><strong>construirt</strong></span> <span class='ocrx_word' id='word_1_221' title='bbox 1359 2716 1466 2770; x_wconf 83' lang='lat' dir='ltr'><strong>wie</strong></span> 
     </span>
     <span class='ocr_line' id='line_1_30' title="bbox 344 2785 1467 2857; baseline -0.002 -16"><span class='ocrx_word' id='word_1_222' title='bbox 344 2787 447 2842; x_wconf 84' lang='lat' dir='ltr'><strong>das</strong></span> <span class='ocrx_word' id='word_1_223' title='bbox 480 2787 938 2857; x_wconf 82' lang='lat' dir='ltr'><strong>vorhergehende</strong></span> <span class='ocrx_word' id='word_1_224' title='bbox 964 2788 1143 2842; x_wconf 77' lang='lat' dir='ltr'><strong>iussit.</strong></span> <span class='ocrx_word' id='word_1_225' title='bbox 1220 2785 1292 2842; x_wconf 84' lang='lat' dir='ltr'><strong>So</strong></span> <span class='ocrx_word' id='word_1_226' title='bbox 1322 2786 1467 2841; x_wconf 88' lang='lat' dir='ltr'><strong>auch</strong></span> 
     </span>
     <span class='ocr_line' id='line_1_31' title="bbox 344 2856 1466 2914; baseline 0 -2"><span class='ocrx_word' id='word_1_227' title='bbox 344 2856 495 2913; x_wconf 85' lang='lat' dir='ltr'><strong>Suet.</strong></span> <span class='ocrx_word' id='word_1_228' title='bbox 515 2858 647 2913; x_wconf 87' lang='lat' dir='ltr'><strong>Ner.</strong></span> <span class='ocrx_word' id='word_1_229' title='bbox 669 2863 753 2914; x_wconf 83' lang='lat'><strong>31.</strong></span> <span class='ocrx_word' id='word_1_230' title='bbox 818 2857 944 2913; x_wconf 85' lang='lat' dir='ltr'><strong>Den</strong></span> <span class='ocrx_word' id='word_1_231' title='bbox 968 2857 1193 2913; x_wconf 84' lang='lat' dir='ltr'><strong>blossen</strong></span> <span class='ocrx_word' id='word_1_232' title='bbox 1220 2857 1466 2912; x_wconf 87' lang='lat' dir='ltr'><strong>Infinitiv</strong></span> 
     </span>
    </p>
   </div>
   <div class='ocr_carea' id='block_1_8' title="bbox 342 2928 1469 3055">
    <p class='ocr_par' dir='ltr' id='par_1_10' title="bbox 342 2928 1469 3055">
     <span class='ocr_line' id='line_1_32' title="bbox 342 2928 1469 3054; baseline 0 -72"><span class='ocrx_word' id='word_1_233' title='bbox 342 2929 491 3054; x_wconf 50' lang='lat' dir='ltr'><strong>gach</strong></span> <span class='ocrx_word' id='word_1_234' title='bbox 516 2930 836 2999; x_wconf 77' lang='lat' dir='ltr'><strong>praecipere</strong></span> <span class='ocrx_word' id='word_1_235' title='bbox 862 2929 966 2984; x_wconf 87' lang='lat' dir='ltr'><strong>hat</strong></span> <span class='ocrx_word' id='word_1_236' title='bbox 989 2928 1295 2984; x_wconf 82' lang='lat' dir='ltr'><strong>vereinzelt</strong></span> <span class='ocrx_word' id='word_1_237' title='bbox 1324 2928 1469 2983; x_wconf 89' lang='lat' dir='ltr'><strong>auch</strong></span> 
     </span>
     <span class='ocr_line' id='line_1_33' title="bbox 390 3015 557 3055; baseline 0.018 -3"><span class='ocrx_word' id='word_1_238' title='bbox 390 3015 557 3055; x_wconf 77' lang='lat' dir='ltr'><strong>icero.</strong></span> 
     </span>
    </p>
   </div>
   <div class='ocr_carea' id='block_1_9' title="bbox 337 3077 1478 4366">
    <p class='ocr_par' dir='ltr' id='par_1_11' title="bbox 337 3077 1473 3433">
     <span class='ocr_line' id='line_1_34' title="bbox 420 3077 1472 3149; baseline 0 -17"><span class='ocrx_word' id='word_1_239' title='bbox 420 3083 505 3133; x_wconf 81' lang='grc'><strong>16.</strong></span> <span class='ocrx_word' id='word_1_240' title='bbox 541 3079 974 3149; x_wconf 61' lang='lat' dir='ltr'><strong>flagrabant,</strong></span> <span class='ocrx_word' id='word_1_241' title='bbox 1001 3077 1109 3133; x_wconf 89' lang='lat' dir='ltr'><strong>mit</strong></span> <span class='ocrx_word' id='word_1_242' title='bbox 1128 3077 1472 3133; x_wconf 83' lang='lat' dir='ltr'><strong>Nachdruck</strong></span> 
     </span>
     <span class='ocr_line' id='line_1_35' title="bbox 342 3148 1473 3276; baseline -0.002 -72"><span class='ocrx_word' id='word_1_243' title='bbox 342 3150 764 3276; x_wconf 50' lang='lat' dir='ltr'><strong>{offiffistgllt</strong></span> <span class='ocrx_word' id='word_1_244' title='bbox 827 3149 1188 3275; x_wconf 43' lang='lat' dir='ltr'><strong>Habersetze:</strong></span> <span class='ocrx_word' id='word_1_245' title='bbox 1226 3148 1315 3204; x_wconf 86' lang='lat' dir='ltr'><strong>Da</strong></span> <span class='ocrx_word' id='word_1_246' title='bbox 1345 3164 1473 3274; x_wconf 56' lang='lat'><strong>7⁶3}</strong></span> 
     </span>
     <span class='ocr_line' id='line_1_36' title="bbox 383 3236 1437 3289; baseline 0.001 -16"><span class='ocrx_word' id='word_1_247' title='bbox 383 3238 411 3273; x_wconf 86' lang='lat' dir='ltr'><strong>r</strong></span> <span class='ocrx_word' id='word_1_248' title='bbox 677 3237 789 3276; x_wconf 87' lang='lat' dir='ltr'><strong>enn</strong></span> <span class='ocrx_word' id='word_1_249' title='bbox 836 3238 865 3275; x_wconf 91' lang='lat' dir='ltr'><strong>e</strong></span> <span class='ocrx_word' id='word_1_250' title='bbox 929 3261 941 3274; x_wconf 91' lang='lat'><strong>.</strong></span> <span class='ocrx_word' id='word_1_251' title='bbox 988 3251 1057 3260; x_wconf 90' lang='lat'>—</span> <span class='ocrx_word' id='word_1_252' title='bbox 1107 3236 1437 3289; x_wconf 63' lang='lat' dir='ltr'><strong>conquam</strong></span> 
     </span>
     <span class='ocr_line' id='line_1_37' title="bbox 337 3291 1470 3360; baseline -0.002 -14"><span class='ocrx_word' id='word_1_253' title='bbox 337 3291 635 3359; x_wconf 71' lang='lat' dir='ltr'><strong>pretium</strong></span> <span class='ocrx_word' id='word_1_254' title='bbox 680 3291 787 3346; x_wconf 77' lang='lat' dir='ltr'><strong>wie</strong></span> <span class='ocrx_word' id='word_1_255' title='bbox 833 3296 863 3356; x_wconf 63' lang='grc' dir='ltr'>ὅ</span> <span class='ocrx_word' id='word_1_256' title='bbox 912 3296 976 3345; x_wconf 95' lang='grc'><strong>11</strong></span> <span class='ocrx_word' id='word_1_257' title='bbox 1026 3291 1304 3346; x_wconf 77' lang='lat' dir='ltr'><strong>servitutis</strong></span> <span class='ocrx_word' id='word_1_258' title='bbox 1344 3307 1470 3360; x_wconf 78' lang='lat' dir='ltr'><strong>pre-</strong></span> 
     </span>
     <span class='ocr_line' id='line_1_38' title="bbox 344 3360 1471 3433; baseline 0 -18"><span class='ocrx_word' id='word_1_259' title='bbox 344 3362 511 3430; x_wconf 71' lang='lat' dir='ltr'><strong>tim,</strong></span> <span class='ocrx_word' id='word_1_260' title='bbox 567 3360 620 3415; x_wconf 82' lang='lat' dir='ltr'><strong>d.</strong></span> <span class='ocrx_word' id='word_1_261' title='bbox 658 3360 695 3417; x_wconf 89' lang='lat' dir='ltr'><strong>i.</strong></span> <span class='ocrx_word' id='word_1_262' title='bbox 743 3362 833 3416; x_wconf 87' lang='lat' dir='ltr'><strong>die</strong></span> <span class='ocrx_word' id='word_1_263' title='bbox 879 3362 987 3417; x_wconf 86' lang='lat' dir='ltr'><strong>mit</strong></span> <span class='ocrx_word' id='word_1_264' title='bbox 1040 3361 1224 3417; x_wconf 87' lang='lat' dir='ltr'><strong>ihrem</strong></span> <span class='ocrx_word' id='word_1_265' title='bbox 1270 3360 1471 3433; x_wconf 83' lang='lat' dir='ltr'><strong>eignen</strong></span> 
     </span>
    </p>

    <p class='ocr_par' dir='ltr' id='par_1_12' title="bbox 348 3430 1043 3491">
     <span class='ocr_line' id='line_1_39' title="bbox 348 3430 1043 3491; baseline 0.006 -7"><span class='ocrx_word' id='word_1_266' title='bbox 348 3430 515 3487; x_wconf 87' lang='lat' dir='ltr'><strong>Blute</strong></span> <span class='ocrx_word' id='word_1_267' title='bbox 554 3431 811 3488; x_wconf 81' lang='lat' dir='ltr'><strong>erkaufte</strong></span> <span class='ocrx_word' id='word_1_268' title='bbox 847 3431 1043 3491; x_wconf 86' lang='lat' dir='ltr'><strong>Beute.</strong></span> 
     </span>
    </p>

    <p class='ocr_par' dir='ltr' id='par_1_13' title="bbox 345 3509 1475 3793">
     <span class='ocr_line' id='line_1_40' title="bbox 420 3509 1469 3576; baseline 0.002 -12"><span class='ocrx_word' id='word_1_269' title='bbox 420 3517 504 3569; x_wconf 76' lang='lat'><strong>17.</strong></span> <span class='ocrx_word' id='word_1_270' title='bbox 544 3511 733 3566; x_wconf 77' lang='lat' dir='ltr'><strong>brevi</strong></span> <span class='ocrx_word' id='word_1_271' title='bbox 768 3512 1012 3567; x_wconf 71' lang='lat' dir='ltr'><strong>deinde</strong></span> <span class='ocrx_word' id='word_1_272' title='bbox 1048 3527 1093 3566; x_wconf 85' lang='lat' dir='ltr'><strong>s.</strong></span> <span class='ocrx_word' id='word_1_273' title='bbox 1130 3509 1279 3567; x_wconf 86' lang='lat' dir='ltr'><strong>Einl.</strong></span> <span class='ocrx_word' id='word_1_274' title='bbox 1316 3516 1347 3576; x_wconf 62' lang='lat' dir='ltr'>g</span> <span class='ocrx_word' id='word_1_275' title='bbox 1384 3516 1469 3566; x_wconf 91' lang='grc'><strong>22.</strong></span> 
     </span>
     <span class='ocr_line' id='line_1_41' title="bbox 346 3581 1475 3639; baseline -0.002 -3"><span class='ocrx_word' id='word_1_276' title='bbox 346 3611 415 3621; x_wconf 91' lang='grc'><strong>--</strong></span> <span class='ocrx_word' id='word_1_277' title='bbox 453 3582 751 3637; x_wconf 75' lang='lat' dir='ltr'><strong>militiae</strong></span> <span class='ocrx_word' id='word_1_278' title='bbox 784 3582 876 3637; x_wconf 67' lang='lat' dir='ltr'><strong>fiir</strong></span> <span class='ocrx_word' id='word_1_279' title='bbox 900 3583 977 3638; x_wconf 77' lang='lat' dir='ltr'><strong>ad</strong></span> <span class='ocrx_word' id='word_1_280' title='bbox 1002 3582 1277 3639; x_wconf 55' lang='lat' dir='ltr'><strong>malitiam.</strong></span> <span class='ocrx_word' id='word_1_281' title='bbox 1341 3581 1475 3635; x_wconf 84' lang='lat' dir='ltr'><strong>Erst</strong></span> 
     </span>
     <span class='ocr_line' id='line_1_42' title="bbox 346 3651 1474 3722; baseline 0 -16"><span class='ocrx_word' id='word_1_282' title='bbox 346 3651 457 3706; x_wconf 87' lang='lat' dir='ltr'><strong>seit</strong></span> <span class='ocrx_word' id='word_1_283' title='bbox 485 3651 679 3708; x_wconf 79' lang='lat' dir='ltr'><strong>Livius</strong></span> <span class='ocrx_word' id='word_1_284' title='bbox 716 3651 893 3708; x_wconf 82' lang='lat' dir='ltr'><strong>findet</strong></span> <span class='ocrx_word' id='word_1_285' title='bbox 926 3653 1051 3708; x_wconf 81' lang='lat' dir='ltr'><strong>sich</strong></span> <span class='ocrx_word' id='word_1_286' title='bbox 1083 3651 1339 3722; x_wconf 63' lang='lat' dir='ltr'><strong>hauflger</strong></span> <span class='ocrx_word' id='word_1_287' title='bbox 1374 3651 1474 3707; x_wconf 83' lang='lat' dir='ltr'><strong>der</strong></span> 
     </span>
     <span class='ocr_line' id='line_1_43' title="bbox 345 3722 1425 3793; baseline -0.002 -15"><span class='ocrx_word' id='word_1_288' title='bbox 345 3722 516 3778; x_wconf 81' lang='lat' dir='ltr'><strong>Dativ</strong></span> <span class='ocrx_word' id='word_1_289' title='bbox 556 3723 653 3778; x_wconf 87' lang='lat' dir='ltr'><strong>bei</strong></span> <span class='ocrx_word' id='word_1_290' title='bbox 687 3724 917 3790; x_wconf 64' lang='lat' dir='ltr'><strong>habim,</strong></span> <span class='ocrx_word' id='word_1_291' title='bbox 954 3728 1145 3793; x_wconf 62' lang='grc' dir='ltr'><strong>«ΨΜ,</strong></span> <span class='ocrx_word' id='word_1_292' title='bbox 1180 3723 1425 3779; x_wconf 73' lang='lat' dir='ltr'><strong>idoneus.</strong></span> 
     </span>
    </p>

    <p class='ocr_par' dir='ltr' id='par_1_14' title="bbox 344 3801 1478 4366">
     <span class='ocr_line' id='line_1_44' title="bbox 421 3801 1476 3869; baseline 0.001 -14"><span class='ocrx_word' id='word_1_293' title='bbox 421 3808 504 3857; x_wconf 84' lang='lat'><strong>18.</strong></span> <span class='ocrx_word' id='word_1_294' title='bbox 560 3804 585 3856; x_wconf 77' lang='lat' dir='ltr'><strong><em>i</em></strong></span> <span class='ocrx_word' id='word_1_295' title='bbox 636 3804 810 3869; x_wconf 77' lang='lat' dir='ltr'><strong>itur,</strong></span> <span class='ocrx_word' id='word_1_296' title='bbox 865 3803 977 3857; x_wconf 84' lang='lat' dir='ltr'><strong>den</strong></span> <span class='ocrx_word' id='word_1_297' title='bbox 1022 3801 1476 3858; x_wconf 83' lang='lat' dir='ltr'><strong>unterbrochnen</strong></span> 
     </span>
     <span class='ocr_line' id='line_1_45' title="bbox 344 3872 1477 3998; baseline 0 -72"><span class='ocrx_word' id='word_1_298' title='bbox 344 3872 538 3926; x_wconf 80' lang='lat' dir='ltr'><strong>Faden</strong></span> <span class='ocrx_word' id='word_1_299' title='bbox 612 3889 673 3928; x_wconf 89' lang='lat' dir='ltr'><strong>er</strong></span> <span class='ocrx_word' id='word_1_300' title='bbox 707 3873 1034 3943; x_wconf 61' lang='lat' dir='ltr'><strong>Erzahlung</strong></span> <span class='ocrx_word' id='word_1_301' title='bbox 1060 3877 1113 3941; x_wconf 64' lang='grc' dir='ltr'><strong>(ς</strong></span> <span class='ocrx_word' id='word_1_302' title='bbox 1142 3877 1238 3998; x_wconf 63' lang='grc' dir='ltr'><strong>1ῧί</strong></span> <span class='ocrx_word' id='word_1_303' title='bbox 1266 3873 1477 3928; x_wconf 75' lang='lat' dir='ltr'><strong>wieder</strong></span> 
     </span>
     <span class='ocr_line' id='line_1_46' title="bbox 346 3943 1476 4014; baseline -0.001 -16"><span class='ocrx_word' id='word_1_304' title='bbox 346 3943 752 4011; x_wconf 83' lang='lat' dir='ltr'><strong>aufnehmend‚</strong></span> <span class='ocrx_word' id='word_1_305' title='bbox 783 3944 1065 4014; x_wconf 57' lang='grc' dir='ltr'><strong>Ἔοικας,</strong></span> <span class='ocrx_word' id='word_1_306' title='bbox 1108 3944 1188 3999; x_wconf 86' lang='lat' dir='ltr'><strong>sie</strong></span> <span class='ocrx_word' id='word_1_307' title='bbox 1237 3943 1476 3998; x_wconf 85' lang='lat' dir='ltr'><strong>eisteten</strong></span> 
     </span>
     <span class='ocr_line' id='line_1_47' title="bbox 347 4012 1478 4084; baseline 0.001 -17"><span class='ocrx_word' id='word_1_308' title='bbox 347 4012 476 4068; x_wconf 85' lang='lat' dir='ltr'><strong>dem</strong></span> <span class='ocrx_word' id='word_1_309' title='bbox 490 4013 708 4084; x_wconf 69' lang='lat' dir='ltr'><strong>Konige</strong></span> <span class='ocrx_word' id='word_1_310' title='bbox 722 4013 921 4084; x_wconf 81' lang='lat' dir='ltr'><strong>Folge&#39;</strong></span> <span class='ocrx_word' id='word_1_311' title='bbox 940 4017 1046 4070; x_wconf 86' lang='lat' dir='ltr'><strong>etc.</strong></span> <span class='ocrx_word' id='word_1_312' title='bbox 1060 4043 1128 4055; x_wconf 90' lang='lat'><strong>-—</strong></span> <span class='ocrx_word' id='word_1_313' title='bbox 1142 4014 1478 4082; x_wconf 74' lang='lat' dir='ltr'><strong>Nicanor,</strong></span> 
     </span>
     <span class='ocr_line' id='line_1_48' title="bbox 346 4081 1476 4141; baseline 0.001 -4"><span class='ocrx_word' id='word_1_314' title='bbox 346 4082 753 4141; x_wconf 81' lang='lat' dir='ltr'><strong>Befehlshaber</strong></span> <span class='ocrx_word' id='word_1_315' title='bbox 808 4086 909 4140; x_wconf 86' lang='lat' dir='ltr'><strong>der</strong></span> <span class='ocrx_word' id='word_1_316' title='bbox 960 4081 1324 4140; x_wconf 76' lang='grc' dir='ltr'><strong>ὑπασπισταί.</strong></span> <span class='ocrx_word' id='word_1_317' title='bbox 1396 4083 1476 4138; x_wconf 82' lang='lat' dir='ltr'><strong>Er</strong></span> 
     </span>
     <span class='ocr_line' id='line_1_49' title="bbox 348 4153 1477 4224; baseline 0.002 -16"><span class='ocrx_word' id='word_1_318' title='bbox 348 4153 528 4224; x_wconf 76' lang='lat' dir='ltr'><strong>folgte</strong></span> <span class='ocrx_word' id='word_1_319' title='bbox 584 4154 755 4211; x_wconf 84' lang='lat' dir='ltr'><strong>somit</strong></span> <span class='ocrx_word' id='word_1_320' title='bbox 806 4155 944 4212; x_wconf 86' lang='lat' dir='ltr'><strong>bald</strong></span> <span class='ocrx_word' id='word_1_321' title='bbox 1000 4156 1211 4212; x_wconf 87' lang='lat' dir='ltr'><strong>seinem</strong></span> <span class='ocrx_word' id='word_1_322' title='bbox 1260 4155 1477 4210; x_wconf 78' lang='lat' dir='ltr'><strong>Bruder</strong></span> 
     </span>
     <span class='ocr_line' id='line_1_50' title="bbox 348 4222 1475 4294; baseline 0.003 -17"><span class='ocrx_word' id='word_1_323' title='bbox 348 4222 557 4280; x_wconf 86' lang='lat' dir='ltr'><strong>Hector</strong></span> <span class='ocrx_word' id='word_1_324' title='bbox 592 4227 765 4294; x_wconf 86' lang='lat' dir='ltr'><strong>nach,</strong></span> <span class='ocrx_word' id='word_1_325' title='bbox 804 4243 844 4283; x_wconf 84' lang='lat' dir='ltr'><strong>s.</strong></span> <span class='ocrx_word' id='word_1_326' title='bbox 885 4232 936 4281; x_wconf 85' lang='lat'><strong>4.</strong></span> <span class='ocrx_word' id='word_1_327' title='bbox 966 4231 1016 4281; x_wconf 87' lang='lat'><strong>8.</strong></span> <span class='ocrx_word' id='word_1_328' title='bbox 1048 4232 1097 4280; x_wconf 78' lang='lat'><strong>7.</strong></span> <span class='ocrx_word' id='word_1_329' title='bbox 1154 4227 1267 4281; x_wconf 90' lang='lat' dir='ltr'><strong>Der</strong></span> <span class='ocrx_word' id='word_1_330' title='bbox 1304 4225 1475 4280; x_wconf 84' lang='lat' dir='ltr'><strong>dritte</strong></span> 
     </span>
     <span class='ocr_line' id='line_1_51' title="bbox 352 4293 1261 4366; baseline 0.003 -20"><span class='ocrx_word' id='word_1_331' title='bbox 352 4293 567 4350; x_wconf 80' lang='lat' dir='ltr'><strong>Bruder</strong></span> <span class='ocrx_word' id='word_1_332' title='bbox 607 4314 728 4352; x_wconf 83' lang='lat' dir='ltr'><strong>war</strong></span> <span class='ocrx_word' id='word_1_333' title='bbox 763 4296 1023 4352; x_wconf 84' lang='lat' dir='ltr'><strong>Philotas</strong></span> <span class='ocrx_word' id='word_1_334' title='bbox 1060 4298 1115 4365; x_wconf 67' lang='grc'><strong>(5</strong></span> <span class='ocrx_word' id='word_1_335' title='bbox 1156 4299 1261 4366; x_wconf 80' lang='grc'><strong>19).</strong></span> 
     </span>
    </p>
   </div>
   <div class='ocr_carea' id='block_1_10' title="bbox 1573 2565 2704 2917">
    <p class='ocr_par' dir='ltr' id='par_1_15' title="bbox 1573 2565 2704 2917">
     <span class='ocr_line' id='line_1_52' title="bbox 1650 2565 2699 2632; baseline 0.004 -14"><span class='ocrx_word' id='word_1_336' title='bbox 1650 2569 1732 2620; x_wconf 85' lang='grc'><strong>19.</strong></span> <span class='ocrx_word' id='word_1_337' title='bbox 1771 2565 2145 2632; x_wconf 76' lang='lat' dir='ltr'><strong>adfuturus</strong></span> <span class='ocrx_word' id='word_1_338' title='bbox 2188 2566 2280 2619; x_wconf 75' lang='lat' dir='ltr'><strong>fur</strong></span> <span class='ocrx_word' id='word_1_339' title='bbox 2313 2571 2378 2621; x_wconf 74' lang='lat' dir='ltr'><strong>ut</strong></span> <span class='ocrx_word' id='word_1_340' title='bbox 2412 2568 2620 2622; x_wconf 76' lang='lat' dir='ltr'><strong>adesset</strong></span> <span class='ocrx_word' id='word_1_341' title='bbox 2655 2583 2699 2622; x_wconf 85' lang='lat' dir='ltr'><strong>s.</strong></span> 
     </span>
     <span class='ocr_line' id='line_1_53' title="bbox 1573 2635 2699 2704; baseline 0.001 -14"><span class='ocrx_word' id='word_1_342' title='bbox 1573 2635 1721 2692; x_wconf 86' lang='lat' dir='ltr'><strong>Einl.</strong></span> <span class='ocrx_word' id='word_1_343' title='bbox 1761 2641 1790 2701; x_wconf 69' lang='grc' dir='ltr'><strong>ἓ</strong></span> <span class='ocrx_word' id='word_1_344' title='bbox 1819 2641 1888 2691; x_wconf 83' lang='grc'><strong>36</strong></span> <span class='ocrx_word' id='word_1_345' title='bbox 1917 2636 1970 2691; x_wconf 92' lang='lat' dir='ltr'><strong>b.</strong></span> <span class='ocrx_word' id='word_1_346' title='bbox 2002 2666 2068 2676; x_wconf 95' lang='lat'>—</span> <span class='ocrx_word' id='word_1_347' title='bbox 2100 2637 2185 2690; x_wconf 84' lang='lat' dir='ltr'><strong>ad</strong></span> <span class='ocrx_word' id='word_1_348' title='bbox 2218 2637 2521 2704; x_wconf 78' lang='lat' dir='ltr'><strong>Bessum,</strong></span> <span class='ocrx_word' id='word_1_349' title='bbox 2559 2638 2612 2693; x_wconf 83' lang='lat' dir='ltr'><strong>d.</strong></span> <span class='ocrx_word' id='word_1_350' title='bbox 2642 2638 2699 2691; x_wconf 90' lang='lat' dir='ltr'><strong>h.</strong></span> 
     </span>
     <span class='ocr_line' id='line_1_54' title="bbox 1577 2705 2704 2776; baseline -0.002 -14"><span class='ocrx_word' id='word_1_351' title='bbox 1577 2706 1720 2762; x_wconf 88' lang='lat' dir='ltr'><strong>eben</strong></span> <span class='ocrx_word' id='word_1_352' title='bbox 1755 2707 1821 2759; x_wconf 79' lang='lat' dir='ltr'><strong>in</strong></span> <span class='ocrx_word' id='word_1_353' title='bbox 1855 2705 2226 2762; x_wconf 68' lang='lat' dir='ltr'><strong>Bactrianam</strong></span> <span class='ocrx_word' id='word_1_354' title='bbox 2260 2709 2556 2776; x_wconf 72' lang='lat' dir='ltr'><strong>req-ionem,</strong></span> <span class='ocrx_word' id='word_1_355' title='bbox 2605 2707 2704 2763; x_wconf 86' lang='lat' dir='ltr'><strong>auf</strong></span> 
     </span>
     <span class='ocr_line' id='line_1_55' title="bbox 1576 2775 2700 2847; baseline 0.001 -16"><span class='ocrx_word' id='word_1_356' title='bbox 1576 2776 1668 2831; x_wconf 86' lang='lat' dir='ltr'><strong>die</strong></span> <span class='ocrx_word' id='word_1_357' title='bbox 1713 2777 1960 2847; x_wconf 78' lang='lat' dir='ltr'><strong>gestfitzt</strong></span> <span class='ocrx_word' id='word_1_358' title='bbox 1999 2775 2163 2846; x_wconf 84' lang='lat' dir='ltr'><strong>jener</strong></span> <span class='ocrx_word' id='word_1_359' title='bbox 2199 2777 2318 2831; x_wconf 87' lang='lat' dir='ltr'><strong>sich</strong></span> <span class='ocrx_word' id='word_1_360' title='bbox 2358 2778 2442 2832; x_wconf 87' lang='lat' dir='ltr'><strong>als</strong></span> <span class='ocrx_word' id='word_1_361' title='bbox 2481 2777 2700 2834; x_wconf 77' lang='lat' dir='ltr'><strong>Pei-ser-</strong></span> 
     </span>
     <span class='ocr_line' id='line_1_56' title="bbox 1576 2844 2567 2917; baseline 0.003 -16"><span class='ocrx_word' id='word_1_362' title='bbox 1576 2846 1754 2917; x_wconf 68' lang='lat' dir='ltr'><strong>konig</strong></span> <span class='ocrx_word' id='word_1_363' title='bbox 1789 2865 1856 2900; x_wconf 91' lang='lat' dir='ltr'><strong>zu</strong></span> <span class='ocrx_word' id='word_1_364' title='bbox 1891 2844 2216 2916; x_wconf 85' lang='lat' dir='ltr'><strong>behaupten</strong></span> <span class='ocrx_word' id='word_1_365' title='bbox 2254 2848 2567 2906; x_wconf 85' lang='lat' dir='ltr'><strong>versuchte.</strong></span> 
     </span>
    </p>
   </div>
   <div class='ocr_carea' id='block_1_11' title="bbox 1579 2935 2702 3072">
    <p class='ocr_par' dir='ltr' id='par_1_16' title="bbox 1579 2935 2702 3072">
     <span class='ocr_line' id='line_1_57' title="bbox 1650 2935 2702 3004; baseline 0.002 -15"><span class='ocrx_word' id='word_1_366' title='bbox 1650 2941 1735 2989; x_wconf 92' lang='grc'><strong>20.</strong></span> <span class='ocrx_word' id='word_1_367' title='bbox 1775 2935 1853 2988; x_wconf 87' lang='lat' dir='ltr'><strong>ab</strong></span> <span class='ocrx_word' id='word_1_368' title='bbox 1891 2950 1987 3001; x_wconf 88' lang='lat' dir='ltr'><strong>eo,</strong></span> <span class='ocrx_word' id='word_1_369' title='bbox 2031 2951 2291 3004; x_wconf 86' lang='lat' dir='ltr'><strong>ungenau</strong></span> <span class='ocrx_word' id='word_1_370' title='bbox 2335 2935 2426 2990; x_wconf 69' lang='lat' dir='ltr'><strong>fur</strong></span> <span class='ocrx_word' id='word_1_371' title='bbox 2466 2936 2535 2990; x_wconf 86' lang='lat' dir='ltr'><strong>ab</strong></span> <span class='ocrx_word' id='word_1_372' title='bbox 2581 2937 2702 3004; x_wconf 76' lang='lat' dir='ltr'><strong>ipso</strong></span> 
     </span>
     <span class='ocr_line' id='line_1_58' title="bbox 1579 3004 1970 3072; baseline 0.003 -13"><span class='ocrx_word' id='word_1_373' title='bbox 1579 3004 1970 3072; x_wconf 68' lang='lat' dir='ltr'><strong>(Alemandro).</strong></span> 
     </span>
    </p>
   </div>
   <div class='ocr_carea' id='block_1_12' title="bbox 1580 3084 2705 4060">
    <p class='ocr_par' dir='ltr' id='par_1_17' title="bbox 1580 3084 2705 4060">
     <span class='ocr_line' id='line_1_59' title="bbox 1653 3084 2704 3141; baseline 0.001 -2"><span class='ocrx_word' id='word_1_374' title='bbox 1653 3090 1740 3139; x_wconf 90' lang='grc'><strong>21.</strong></span> <span class='ocrx_word' id='word_1_375' title='bbox 1777 3085 2165 3141; x_wconf 75' lang='lat' dir='ltr'><strong>imminebat</strong></span> <span class='ocrx_word' id='word_1_376' title='bbox 2189 3084 2370 3140; x_wconf 83' lang='lat' dir='ltr'><strong>heisst</strong></span> <span class='ocrx_word' id='word_1_377' title='bbox 2394 3085 2518 3140; x_wconf 85' lang='lat' dir='ltr'><strong>hier</strong></span> <span class='ocrx_word' id='word_1_378' title='bbox 2544 3084 2704 3140; x_wconf 88' lang='lat' dir='ltr'><strong>nicht</strong></span> 
     </span>
     <span class='ocr_line' id='line_1_60' title="bbox 1581 3154 2702 3224; baseline 0.001 -14"><span class='ocrx_word' id='word_1_379' title='bbox 1581 3154 1796 3212; x_wconf 77' lang='lat' dir='ltr'><strong>sowohl</strong></span> <span class='ocrx_word' id='word_1_380' title='bbox 1844 3172 1997 3224; x_wconf 84' lang='lat' dir='ltr'><strong>„war</strong></span> <span class='ocrx_word' id='word_1_381' title='bbox 2040 3154 2144 3212; x_wconf 87' lang='lat' dir='ltr'><strong>auf</strong></span> <span class='ocrx_word' id='word_1_382' title='bbox 2184 3156 2293 3210; x_wconf 85' lang='lat' dir='ltr'><strong>den</strong></span> <span class='ocrx_word' id='word_1_383' title='bbox 2328 3155 2569 3211; x_wconf 83' lang='lat' dir='ltr'><strong>Fersen“</strong></span> <span class='ocrx_word' id='word_1_384' title='bbox 2616 3156 2702 3212; x_wconf 84' lang='lat' dir='ltr'><strong>als</strong></span> 
     </span>
     <span class='ocr_line' id='line_1_61' title="bbox 1580 3225 2705 3299; baseline 0.002 -19"><span class='ocrx_word' id='word_1_385' title='bbox 1580 3227 1900 3296; x_wconf 73' lang='lat' dir='ltr'><strong>uberhaupt</strong></span> <span class='ocrx_word' id='word_1_386' title='bbox 1933 3243 2090 3294; x_wconf 78' lang='lat' dir='ltr'><strong>„war</strong></span> <span class='ocrx_word' id='word_1_387' title='bbox 2115 3225 2216 3282; x_wconf 86' lang='lat' dir='ltr'><strong>auf</strong></span> <span class='ocrx_word' id='word_1_388' title='bbox 2237 3226 2337 3280; x_wconf 86' lang='lat' dir='ltr'><strong>der</strong></span> <span class='ocrx_word' id='word_1_389' title='bbox 2354 3226 2705 3299; x_wconf 79' lang='lat' dir='ltr'><strong>Verfolgung</strong></span> 
     </span>
     <span class='ocr_line' id='line_1_62' title="bbox 1580 3296 2700 3395; baseline 0.001 -44"><span class='ocrx_word' id='word_1_390' title='bbox 1580 3297 1680 3352; x_wconf 85' lang='lat' dir='ltr'><strong>des</strong></span> <span class='ocrx_word' id='word_1_391' title='bbox 1733 3297 1798 3351; x_wconf 93' lang='lat' dir='ltr'><strong>B.</strong></span> <span class='ocrx_word' id='word_1_392' title='bbox 1853 3296 2174 3366; x_wconf 81' lang='lat' dir='ltr'><strong>begriffen“.</strong></span> <span class='ocrx_word' id='word_1_393' title='bbox 2222 3329 2291 3338; x_wconf 89' lang='lat'>—</span> <span class='ocrx_word' id='word_1_394' title='bbox 2327 3300 2700 3395; x_wconf 62' lang='lat' dir='ltr'><strong>praeverti.</strong></span> 
     </span>
     <span class='ocr_line' id='line_1_63' title="bbox 1580 3367 2702 3441; baseline 0.002 -19"><span class='ocrx_word' id='word_1_395' title='bbox 1580 3383 1692 3422; x_wconf 80' lang='lat' dir='ltr'><strong>rem</strong></span> <span class='ocrx_word' id='word_1_396' title='bbox 1729 3373 2072 3436; x_wconf 74' lang='lat' dir='ltr'><strong>praevertere</strong></span> <span class='ocrx_word' id='word_1_397' title='bbox 2119 3370 2246 3437; x_wconf 80' lang='lat' dir='ltr'><strong>(rei)</strong></span> <span class='ocrx_word' id='word_1_398' title='bbox 2249 3410 2276 3441; x_wconf 76' lang='lat'><strong>,</strong></span> <span class='ocrx_word' id='word_1_399' title='bbox 2351 3367 2474 3424; x_wconf 87' lang='lat' dir='ltr'><strong>eine</strong></span> <span class='ocrx_word' id='word_1_400' title='bbox 2522 3369 2702 3424; x_wconf 85' lang='lat' dir='ltr'><strong>Sache</strong></span> 
     </span>
     <span class='ocr_line' id='line_1_64' title="bbox 1583 3439 2705 3508; baseline 0.002 -16"><span class='ocrx_word' id='word_1_401' title='bbox 1583 3439 1718 3493; x_wconf 89' lang='lat' dir='ltr'><strong>eher</strong></span> <span class='ocrx_word' id='word_1_402' title='bbox 1750 3439 2022 3508; x_wconf 81' lang='lat' dir='ltr'><strong>besorgen</strong></span> <span class='ocrx_word' id='word_1_403' title='bbox 2052 3440 2136 3495; x_wconf 85' lang='lat' dir='ltr'><strong>als</strong></span> <span class='ocrx_word' id='word_1_404' title='bbox 2161 3439 2286 3496; x_wconf 87' lang='lat' dir='ltr'><strong>eine</strong></span> <span class='ocrx_word' id='word_1_405' title='bbox 2315 3440 2564 3508; x_wconf 82' lang='lat' dir='ltr'><strong>andere’,</strong></span> <span class='ocrx_word' id='word_1_406' title='bbox 2601 3441 2705 3496; x_wconf 88' lang='lat' dir='ltr'><strong>hat</strong></span> 
     </span>
     <span class='ocr_line' id='line_1_65' title="bbox 1582 3509 2703 3578; baseline 0.002 -15"><span class='ocrx_word' id='word_1_407' title='bbox 1582 3509 1772 3564; x_wconf 83' lang='lat' dir='ltr'><strong>Livius</strong></span> <span class='ocrx_word' id='word_1_408' title='bbox 1809 3515 1862 3564; x_wconf 84' lang='lat'><strong>8.</strong></span> <span class='ocrx_word' id='word_1_409' title='bbox 1900 3515 1985 3565; x_wconf 91' lang='grc'><strong>22.</strong></span> <span class='ocrx_word' id='word_1_410' title='bbox 2026 3517 2085 3578; x_wconf 83' lang='grc'><strong>2;</strong></span> <span class='ocrx_word' id='word_1_411' title='bbox 2137 3517 2186 3566; x_wconf 88' lang='grc'><strong>3.</strong></span> <span class='ocrx_word' id='word_1_412' title='bbox 2227 3517 2315 3567; x_wconf 83' lang='grc'><strong>40.</strong></span> <span class='ocrx_word' id='word_1_413' title='bbox 2357 3516 2422 3565; x_wconf 83' lang='lat'><strong>14</strong></span> <span class='ocrx_word' id='word_1_414' title='bbox 2457 3528 2513 3565; x_wconf 90' lang='lat' dir='ltr'><strong>u.</strong></span> <span class='ocrx_word' id='word_1_415' title='bbox 2551 3510 2703 3566; x_wconf 81' lang='lat' dir='ltr'><strong>wohl</strong></span> 
     </span>
     <span class='ocr_line' id='line_1_66' title="bbox 1582 3579 2702 3652; baseline 0.001 -17"><span class='ocrx_word' id='word_1_416' title='bbox 1582 3579 1728 3635; x_wconf 81' lang='lat' dir='ltr'><strong>auch</strong></span> <span class='ocrx_word' id='word_1_417' title='bbox 1765 3585 1815 3634; x_wconf 88' lang='grc'><strong>2.</strong></span> <span class='ocrx_word' id='word_1_418' title='bbox 1855 3585 1940 3636; x_wconf 71' lang='grc'><strong>24.</strong></span> <span class='ocrx_word' id='word_1_419' title='bbox 1980 3585 2012 3634; x_wconf 84' lang='lat'>5</span> <span class='ocrx_word' id='word_1_420' title='bbox 2048 3582 2212 3648; x_wconf 79' lang='lat' dir='ltr'><strong>(bello</strong></span> <span class='ocrx_word' id='word_1_421' title='bbox 2242 3583 2519 3650; x_wconf 77' lang='lat' dir='ltr'><strong>praeverti</strong></span> <span class='ocrx_word' id='word_1_422' title='bbox 2553 3583 2702 3652; x_wconf 74' lang='lat' dir='ltr'><strong>quic-</strong></span> 
     </span>
     <span class='ocr_line' id='line_1_67' title="bbox 1581 3649 2702 3720; baseline 0.004 -16"><span class='ocrx_word' id='word_1_423' title='bbox 1581 3655 1784 3720; x_wconf 72' lang='lat' dir='ltr'><strong>quam).</strong></span> <span class='ocrx_word' id='word_1_424' title='bbox 1847 3649 2117 3706; x_wconf 85' lang='lat' dir='ltr'><strong>Daneben</strong></span> <span class='ocrx_word' id='word_1_425' title='bbox 2153 3651 2444 3708; x_wconf 81' lang='lat' dir='ltr'><strong>existirten</strong></span> <span class='ocrx_word' id='word_1_426' title='bbox 2479 3651 2572 3716; x_wconf 76' lang='lat' dir='ltr'><strong>die</strong></span> <span class='ocrx_word' id='word_1_427' title='bbox 2609 3652 2702 3708; x_wconf 87' lang='lat' dir='ltr'><strong>de-</strong></span> 
     </span>
     <span class='ocr_line' id='line_1_68' title="bbox 1581 3721 2703 3792; baseline 0.001 -15"><span class='ocrx_word' id='word_1_428' title='bbox 1581 3721 1949 3790; x_wconf 86' lang='lat' dir='ltr'><strong>ponentialen</strong></span> <span class='ocrx_word' id='word_1_429' title='bbox 1978 3721 2254 3778; x_wconf 80' lang='lat' dir='ltr'><strong>Phrasem</strong></span> <span class='ocrx_word' id='word_1_430' title='bbox 2290 3724 2368 3778; x_wconf 80' lang='lat' dir='ltr'><strong>ad</strong></span> <span class='ocrx_word' id='word_1_431' title='bbox 2401 3739 2513 3777; x_wconf 76' lang='lat' dir='ltr'><strong>rem</strong></span> <span class='ocrx_word' id='word_1_432' title='bbox 2540 3739 2703 3792; x_wconf 78' lang='lat' dir='ltr'><strong>prae-</strong></span> 
     </span>
     <span class='ocr_line' id='line_1_69' title="bbox 1581 3793 2704 3861; baseline 0.002 -15"><span class='ocrx_word' id='word_1_433' title='bbox 1581 3793 1723 3846; x_wconf 77' lang='lat' dir='ltr'><strong>verti</strong></span> <span class='ocrx_word' id='word_1_434' title='bbox 1749 3817 1818 3839; x_wconf 79' lang='grc' dir='ltr'><strong><em>·---ι</em></strong></span> <span class='ocrx_word' id='word_1_435' title='bbox 1845 3807 1901 3846; x_wconf 76' lang='lat' dir='ltr'><strong>se</strong></span> <span class='ocrx_word' id='word_1_436' title='bbox 1927 3794 2097 3861; x_wconf 76' lang='lat' dir='ltr'><strong>prius</strong></span> <span class='ocrx_word' id='word_1_437' title='bbox 2130 3799 2349 3860; x_wconf 83' lang='lat' dir='ltr'><strong>vertere,</strong></span> <span class='ocrx_word' id='word_1_438' title='bbox 2375 3811 2416 3849; x_wconf 82' lang='lat' dir='ltr'><strong>s.</strong></span> <span class='ocrx_word' id='word_1_439' title='bbox 2449 3799 2498 3848; x_wconf 83' lang='lat'><strong>⁰¹1.</strong></span> <span class='ocrx_word' id='word_1_440' title='bbox 2531 3799 2576 3848; x_wconf 90' lang='lat'><strong>1.</strong></span> <span class='ocrx_word' id='word_1_441' title='bbox 2607 3799 2704 3860; x_wconf 77' lang='lat'><strong>263</strong></span> 
     </span>
     <span class='ocr_line' id='line_1_70' title="bbox 1583 3863 2702 3933; baseline 0.002 -15"><span class='ocrx_word' id='word_1_442' title='bbox 1583 3864 1648 3918; x_wconf 73' lang='lat' dir='ltr'><strong>in</strong></span> <span class='ocrx_word' id='word_1_443' title='bbox 1676 3863 1851 3918; x_wconf 79' lang='lat' dir='ltr'><strong>locum</strong></span> <span class='ocrx_word' id='word_1_444' title='bbox 1879 3864 2114 3933; x_wconf 73' lang='lat' dir='ltr'><strong>aliquem</strong></span> <span class='ocrx_word' id='word_1_445' title='bbox 2133 3865 2434 3933; x_wconf 74' lang='lat' dir='ltr'><strong>praeverti,</strong></span> <span class='ocrx_word' id='word_1_446' title='bbox 2471 3863 2592 3919; x_wconf 83' lang='lat' dir='ltr'><strong>Liv.</strong></span> <span class='ocrx_word' id='word_1_447' title='bbox 2618 3870 2702 3920; x_wconf 82' lang='grc'><strong>32.</strong></span> 
     </span>
     <span class='ocr_line' id='line_1_71' title="bbox 1588 3934 2703 4004; baseline 0.002 -16"><span class='ocrx_word' id='word_1_448' title='bbox 1588 3939 1669 3988; x_wconf 84' lang='grc'><strong>18.</strong></span> <span class='ocrx_word' id='word_1_449' title='bbox 1700 3940 1736 3989; x_wconf 81' lang='lat'>4</span> <span class='ocrx_word' id='word_1_450' title='bbox 1762 3934 1877 3989; x_wconf 86' lang='lat' dir='ltr'><strong>und</strong></span> <span class='ocrx_word' id='word_1_451' title='bbox 1903 3950 2016 3990; x_wconf 79' lang='lat' dir='ltr'><strong>rem</strong></span> <span class='ocrx_word' id='word_1_452' title='bbox 2047 3935 2348 4004; x_wconf 71' lang='lat' dir='ltr'><strong>praeverti,</strong></span> <span class='ocrx_word' id='word_1_453' title='bbox 2385 3935 2508 3990; x_wconf 82' lang='lat' dir='ltr'><strong>Liv.</strong></span> <span class='ocrx_word' id='word_1_454' title='bbox 2538 3939 2587 3989; x_wconf 91' lang='lat'><strong>8.</strong></span> <span class='ocrx_word' id='word_1_455' title='bbox 2621 3941 2703 3990; x_wconf 85' lang='lat'><strong>13.</strong></span> 
     </span>
     <span class='ocr_line' id='line_1_72' title="bbox 1587 4010 1799 4060; baseline 0.009 -2"><span class='ocrx_word' id='word_1_456' title='bbox 1587 4011 1615 4058; x_wconf 93' lang='lat'><strong>1</strong></span> <span class='ocrx_word' id='word_1_457' title='bbox 1655 4023 1709 4059; x_wconf 90' lang='lat' dir='ltr'><strong>u.</strong></span> <span class='ocrx_word' id='word_1_458' title='bbox 1748 4010 1799 4060; x_wconf 81' lang='grc' dir='ltr'><strong>ὅ.</strong></span> 
     </span>
    </p>
   </div>
   <div class='ocr_carea' id='block_1_13' title="bbox 1584 4083 2710 4225">
    <p class='ocr_par' dir='ltr' id='par_1_18' title="bbox 1584 4083 2710 4225">
     <span class='ocr_line' id='line_1_73' title="bbox 1656 4083 2706 4154; baseline 0.002 -17"><span class='ocrx_word' id='word_1_459' title='bbox 1656 4089 1742 4140; x_wconf 87' lang='grc'><strong>22.</strong></span> <span class='ocrx_word' id='word_1_460' title='bbox 1783 4101 1898 4140; x_wconf 77' lang='lat' dir='ltr'><strong>nee</strong></span> <span class='ocrx_word' id='word_1_461' title='bbox 1927 4127 1938 4140; x_wconf 92' lang='lat'><strong>.</strong></span> <span class='ocrx_word' id='word_1_462' title='bbox 1970 4125 1984 4139; x_wconf 92' lang='lat'><strong>.</strong></span> <span class='ocrx_word' id='word_1_463' title='bbox 2013 4088 2299 4154; x_wconf 77' lang='lat' dir='ltr'><strong>poterat.</strong></span> <span class='ocrx_word' id='word_1_464' title='bbox 2359 4083 2520 4139; x_wconf 86' lang='lat' dir='ltr'><strong>Sinn:</strong></span> <span class='ocrx_word' id='word_1_465' title='bbox 2559 4085 2706 4139; x_wconf 85' lang='lat' dir='ltr'><strong>auch</strong></span> 
     </span>
     <span class='ocr_line' id='line_1_74' title="bbox 1584 4153 2710 4225; baseline 0.001 -17"><span class='ocrx_word' id='word_1_466' title='bbox 1584 4155 1745 4210; x_wconf 65' lang='lat' dir='ltr'><strong>hatte</strong></span> <span class='ocrx_word' id='word_1_467' title='bbox 1801 4171 1861 4209; x_wconf 90' lang='lat' dir='ltr'><strong>er</strong></span> <span class='ocrx_word' id='word_1_468' title='bbox 1923 4155 1983 4208; x_wconf 88' lang='lat' dir='ltr'><strong>iu</strong></span> <span class='ocrx_word' id='word_1_469' title='bbox 2047 4154 2144 4209; x_wconf 87' lang='lat' dir='ltr'><strong>der</strong></span> <span class='ocrx_word' id='word_1_470' title='bbox 2195 4153 2322 4208; x_wconf 82' lang='lat' dir='ltr'><strong>Eile</strong></span> <span class='ocrx_word' id='word_1_471' title='bbox 2387 4171 2492 4225; x_wconf 82' lang='lat' dir='ltr'><strong>gar</strong></span> <span class='ocrx_word' id='word_1_472' title='bbox 2547 4154 2710 4209; x_wconf 88' lang='lat' dir='ltr'><strong>nicht</strong></span> 
     </span>
    </p>
   </div>
   <div class='ocr_carea' id='block_1_14' title="bbox 1584 4224 2706 4351">
    <p class='ocr_par' dir='ltr' id='par_1_19' title="bbox 1584 4224 2706 4351">
     <span class='ocr_line' id='line_1_75' title="bbox 1584 4224 2706 4282; baseline 0.001 -3"><span class='ocrx_word' id='word_1_473' title='bbox 1584 4225 1826 4280; x_wconf 71' lang='lat' dir='ltr'><strong>konnen.</strong></span> <span class='ocrx_word' id='word_1_474' title='bbox 1885 4225 2061 4282; x_wconf 81' lang='lat' dir='ltr'><strong>Satib.</strong></span> <span class='ocrx_word' id='word_1_475' title='bbox 2089 4225 2358 4280; x_wconf 77' lang='lat' dir='ltr'><strong>fiuchtete</strong></span> <span class='ocrx_word' id='word_1_476' title='bbox 2387 4224 2508 4280; x_wconf 86' lang='lat' dir='ltr'><strong>sich</strong></span> <span class='ocrx_word' id='word_1_477' title='bbox 2534 4224 2706 4280; x_wconf 70' lang='lat' dir='ltr'><strong>uomit</strong></span> 
     </span>
     <span class='ocr_line' id='line_1_76' title="bbox 1584 4294 1907 4351; baseline 0.003 -1"><span class='ocrx_word' id='word_1_478' title='bbox 1584 4313 1653 4350; x_wconf 89' lang='lat' dir='ltr'><strong>zu</strong></span> <span class='ocrx_word' id='word_1_479' title='bbox 1688 4294 1907 4351; x_wconf 81' lang='lat' dir='ltr'><strong>Bessus.</strong></span> 
     </span>
    </p>
   </div>
  </div>
 </body>
</html>
