3069 4749
418 118 509 181 34
1330 114 1393 181 Q.
1433 114 1658 171 GURTI
1691 116 1866 171 RUFI

316 300 383 348 15
423 281 715 347 credulos
754 301 895 344 esse
933 278 1185 361 debere,
1224 299 1389 343 vana
1426 298 1680 363 quoque
1717 277 2078 347 deferentes
2109 281 2470 347 admittere.
2541 281 2782 347 Omnes

420 369 623 454 igitur
672 368 1119 454 quaestionem
1166 367 1245 431 de
1290 388 1397 451 eo,
1442 370 1516 431 ut
1559 366 1910 451 participes
1955 369 2218 435 sceleris
2263 370 2552 436 indicare
2599 392 2783 457 coge-

418 462 629 541 retur,
674 455 1043 521 habendam
1080 478 1223 522 esse
1260 456 1632 521 decernunt.
1701 454 1842 520 Rex
1883 458 2252 523 admonitos
2261 509 2279 543 ,
2323 462 2400 523 ut
2434 458 2780 525 consilium
2801 463 2888 527 31

420 547 682 612 silentio
726 549 1122 629 premerent,
1170 544 1459 609 dimittit.
1543 541 1964 613 Pronuntiari
2010 548 2240 612 deinde
2284 548 2410 613 iter
2453 547 2521 611 in
2567 552 2782 632 poste-

314 657 379 706 16
418 657 565 701 rum
608 635 817 717 iubet,
872 656 955 698 ne
1002 656 1131 716 qua
1175 634 1333 698 novi
1376 634 1521 697 initi
1569 633 1830 699 consilii
1880 635 2142 701 daretur
2187 639 2364 701 nota.
2455 634 2782 703 Invitatus

418 728 523 791 est
566 725 767 789 etiam
802 720 1099 787 Philotas
1148 723 1229 787 ad
1274 722 1542 787 ultimas
1589 722 1718 804 ipsi
1771 726 1996 808 epulas
2053 728 2120 789 et
2171 746 2284 791 rex
2329 746 2464 789 non
2509 747 2782 793 coenare

416 814 641 897 modo,
698 812 811 877 sed
858 812 1059 877 etiam
1113 810 1525 877 familiariter
1572 812 1876 897 conloqui
1923 835 2070 880 cum
2115 834 2223 896 eo,
2276 835 2468 897 quem
2515 814 2780 879 damna·

320 922 383 971 17
424 907 639 987 verat,
694 900 1026 967 sustinuit.
1126 899 1421 965 Secunda
1484 900 1717 965 deinde
1769 902 1999 987 vigilia
2061 901 2419 967 luminibus
2476 904 2779 969 extinctis

418 1014 565 1057 cum
630 991 855 1075 paucis
928 991 997 1055 in
1060 990 1309 1074 regiam
1372 993 1611 1054 coeunt
1671 987 2126 1073 Hephaestion
2195 997 2264 1055 et
2329 988 2634 1055 Craterus
2712 996 2780 1056 et

418 1078 675 1147 Coenus
708 1084 774 1145 et
800 1078 1139 1164 Erigyius,
1175 1078 1247 1143 hi
1285 1100 1361 1142 ex
1401 1077 1658 1161 amicis,
1695 1099 1772 1144 ex
1809 1080 2150 1164 armigeris
2181 1083 2400 1145 autem
2433 1078 2776 1145 Perdiccas

418 1172 486 1235 et
540 1167 933 1235 Leonnatus.
1034 1165 1160 1231 Per
1222 1167 1343 1231 hos
1408 1166 1828 1253 imperatum,
1889 1172 1992 1252 ut,
2055 1169 2168 1252 qui
2229 1169 2317 1232 ad
2373 1168 2775 1250 praetorium

318 1278 383 1328 18
422 1258 858 1341 excubabant,
904 1256 1139 1321 armati
1185 1255 1554 1339 vigilarent.
1635 1254 1778 1321 Iam
1823 1256 1906 1322 ad
1943 1278 2165 1321 omnes
2213 1256 2427 1321 aditus
2475 1256 2778 1341 dispositi

418 1349 607 1413 erant
650 1347 930 1433 equites,
987 1345 1229 1411 itinera
1276 1365 1532 1430 quoque
1581 1343 1873 1411 obsidere
1919 1345 2108 1429 iussi,
2163 1365 2246 1409 ne
2300 1345 2446 1428 quis
2494 1344 2576 1409 ad
2620 1344 2776 1409 Par·

414 1435 812 1520 menionem,
850 1435 963 1518 qui
996 1438 1140 1499 tum
1167 1432 1423 1499 Mediae
1458 1434 1844 1518 magnisque
1877 1434 2081 1518 copiis
2117 1436 2444 1517 praeerat,
2481 1434 2776 1498 occultus

314 1544 379 1593 19
420 1523 739 1589 evaderet.
812 1522 1163 1589 Atharrias
1202 1527 1607 1600 autemcum
1639 1540 1768 1589 000
1797 1522 2068 1587 armatis.
2101 1523 2461 1587 intraverat
2495 1520 2773 1605 regiam:

416 1612 567 1680 huic
603 1613 825 1685 decem
864 1612 1185 1677 satellites
1225 1612 1598 1695 traduntur,
1632 1634 1906 1696 quorum
1943 1611 2240 1695 singulos
2279 1610 2430 1675 deni
2469 1609 2774 1693 armigeri

312 1721 384 1771 2ο
422 1702 875 1785 sequebantur.
947 1698 1039 1764 Hi
1077 1700 1157 1765 ad
1196 1701 1357 1765 alios
1388 1699 1758 1765 coniuratos
1789 1699 2400 1783 conprehendendos
2438 1698 2775 1763 distributi

418 1794 598 1857 sunt:
676 1790 1024 1855 Atharrias
1082 1812 1229 1855 cum
1282 1789 1596 1853 trecentis
1649 1790 1735 1853 ad
1787 1788 2115 1854 Philotam
2178 1788 2418 1852 missus
2477 1788 2774 1853 clausum

416 1879 667 1946 aditum
714 1878 940 1945 domus
988 1878 1409 1961 moliebatur,
1462 1895 1507 1941 L
1554 1876 1858 1945 iuvenum
1911 1877 2420 1961 promptissimis
2471 1876 2774 1960 stipatus,

413 1990 567 2035 nam
608 1973 859 2033 ceteros
886 1968 1159 2052 «cingere
1194 1966 1479 2051 undique
1518 1965 1783 2033 domum
1827 1968 2133 2049 iusserat,
2178 1988 2260 2029 ne
2299 1965 2555 2030 occulto
2591 1963 2772 2029 aditu

309 2077 375 2127 21
414 2056 713 2124 Philotas
757 2060 979 2141 posset
1026 2056 1217 2121 elabi.
1290 2054 1485 2120 Illum
1536 2056 1671 2121 sive
1719 2055 2064 2121 securitate
2111 2053 2316 2119 animi
2360 2053 2492 2118 sive
2538 2052 2772 2137 fatiga·

412 2146 592 2212 tione
629 2146 991 2211 resolutum
1026 2167 1290 2210 somnus
1330 2148 1767 2227 oppresserat:
1807 2166 1997 2227 quem
2025 2142 2372 2208 Atharrias
2399 2145 2770 2225 torpentem

306 2254 374 2303 22
414 2234 623 2300 adhuc
678 2237 971 2319 occupat.
1072 2232 1361 2297 Tandem
1417 2232 1477 2295 ei
1543 2254 1774 2315 sopore
1831 2232 2120 2297 discusso
2179 2252 2326 2295 cum
2379 2230 2772 2297 inicerentur

488 2451 569 2499 14.
608 2445 921 2499 credulos
962 2441 1187 2496 bezieht
1234 2442 1355 2496 sich
1389 2441 1536 2496 κατὰ
1644 2441 1806 2496 nicht
1839 2440 2198 2511 fiberflfissig,
2246 2440 2394 2494 denn
2444 2441 2592 2494 nach
2628 2444 2678 2494 5.
2719 2445 2768 2496 6.

412 2509 641 2570 σύνεσιν
679 2513 780 2570 auf
815 2529 915 2569 suo
950 2529 1221 2582 quemque.
1298 2511 1353 2568 S.
1391 2511 1536 2566 Einl.
1649 2518 1715 2566 11
1753 2513 1964 2567 musste
2003 2511 2102 2566 der
2129 2510 2298 2566 Leser
2335 2511 2446 2565 den
2473 2509 2767 2566 Parmenio

411 2591 442 2652 ξ
504 2589 590 2640 25.
658 2616 725 2625 -
789 2585 1070 2638 silentio
1133 2589 1536 2653 premerent,
1644 2581 2766 2654 nochinPersepolisbefindlichglauben.

412 2673 452 2710 s.
507 2663 554 2710 7.
594 2662 661 2710 27
709 2674 761 2710 ιι.
804 2656 919 2726 vgl.
958 2654 1125 2725 Verg.
1164 2657 1301 2710 Aen.
1343 2661 1391 2710 7.
1434 2661 1534 2710 103
1721 2660 1803 2709 19.
1852 2655 2255 2720 AtharriaS,
2317 2653 2606 2708 vielleicht
2668 2652 2770 2706 der

410 2729 543 2782 haec
574 2741 839 2797 responsa
866 2771 877 2782 .
902 2767 913 2780 .
939 2770 951 2782 .
980 2743 1097 2780 non
1130 2728 1247 2795 ipse
1282 2742 1381 2780 suo
1408 2743 1536 2796 pre·
1646 2731 1694 2780 5.
1735 2731 1784 2780 2.
1824 2730 1857 2780 5
1895 2727 2182 2782 erwahnte
2221 2724 2522 2780 Chiliarch.
2554 2754 2620 2764 -
2659 2739 2768 2778 sa-

408 2801 512 2854 mit
564 2815 657 2853 ore
710 2799 975 2854 Latinus.
1066 2797 1369 2852 Classisch:
1424 2813 1538 2851 rem
1643 2798 1902 2852 tellites
1953 2797 2078 2851 hier
2122 2797 2298 2852 wohl:
2361 2793 2768 2863 konigliche

408 2871 773 2940 supprimere,
810 2875 980 2940 teyere
1015 2871 1246 2923 silentio.
1643 2867 1872 2939 Pagen
1920 2871 2144 2938 (παῖδες
2157 2910 2171 2936 ,
2215 2863 2564 2921 ὑπασπισταὶ
2610 2867 2768 2936 βασι-

485 2947 568 2996 15.
604 2943 763 2996 novi
797 2942 979 2996 initi.
1049 2938 1107 2995 O.
1136 2939 1359 2994 schrieb
1384 2939 1536 2993 wohl
1644 2940 1818 3008 λικοί)
1855 2939 1970 2993 und
2005 2940 2265 3008 armiyen’
2299 2937 2380 2991 im
2417 2935 2765 3005 Folgenden:

408 3014 542 3067 novi
577 3013 762 3080 militi,
798 3012 945 3066 doch
972 3011 1086 3080 vgl.
1115 3026 1298 3065 reeens
1324 3011 1401 3064 ad
1426 3010 1533 3064 Re·
1643 3009 2169 3064 Mannschaften
2195 3025 2325 3062 von
2353 3007 2470 3061 der
2503 3006 2764 3076 konigl.

408 3085 604 3152 yillum
664 3085 845 3138 laevom
899 3087 1121 3150 accepta
1176 3083 1357 3136 clades
1411 3081 1533 3135 Liv.
1642 3079 2073 3134 Leibwache.
2149 3077 2206 3133 C.
2244 3079 2320 3131 ist
2352 3077 2430 3130 im
2469 3076 2766 3130 Grebrauch

411 3161 460 3210 2.
501 3161 587 3209 22.
627 3160 679 3224 4,
723 3170 812 3209 wo
848 3169 1029 3208 ‘recem
1071 3153 1224 3206 wohl
1261 3153 1536 3207 ebenfalls
1644 3149 1827 3204 dieser
1875 3148 2201 3203 Ausdrflcke
2257 3148 2460 3202 hochst
2513 3147 2763 3201 inconse-

410 3225 775 3296 Adjektivum
812 3224 902 3280 ist.
932 3255 1003 3264 —
1034 3225 1321 3278 daretur
1354 3228 1533 3279 nota.
1643 3222 1833 3288 quent.
1986 3248 2006 3295 ',

408 3295 538 3366 Vgl.
594 3297 815 3366 simmam
870 3296 1029 3360 dare,
1084 3294 1194 3348 ein
1238 3293 1533 3348 Zeichen
1713 3297 1800 3345 20.
1864 3289 2266 3345 moliebatur
2350 3283 2761 3368 ‘sprengte'.

459 3367 643 3422 eben.
728 3367 899 3420 Beide
943 3365 1194 3420 Phrasen
1238 3364 1536 3419 verbindet
1640 3361 1862 3417 Ebenso
1912 3361 2045 3416 Tac.
2091 3376 2216 3414 ann.
2259 3364 2304 3412 1.
2344 3361 2412 3411 39
2457 3357 2766 3410 mohwntwr

464 3437 561 3492 vid·
612 3439 746 3492 met.
809 3444 888 3493 11.
947 3441 1079 3490 465:
1145 3437 1363 3490 dantem
1424 3435 1534 3490 sibi
1639 3434 1800 3499 fore-3.
1865 3432 2082 3486 Anders
2120 3431 2334 3484 aditwm
2369 3429 2588 3482 molitus
2616 3434 2666 3481 6.
2692 3432 2762 3481 28

408 3511 574 3579 signa
606 3509 869 3564 maritum
909 3509 1099 3576 prima
1136 3507 1283 3563 videt
1326 3507 1531 3562 reddit-
1639 3528 1710 3550 ==
1759 3503 1948 3558 ‘einen
2005 3502 2234 3572 Zugang
2289 3499 2409 3554 sich
2459 3497 2763 3566 schaffend,

408 3597 512 3650 que
546 3586 758 3635 notas.
817 3617 821 3620 -
1640 3574 1944 3630 bahnend'.

486 3659 568 3708 16.
602 3653 881 3706 ultimas·
914 3651 1056 3719 ipsi
1090 3649 1260 3706 naml.
1290 3649 1529 3716 futuras.
1711 3651 1798 3700 21.
1845 3646 2238 3709 resolutum,
2290 3642 2397 3697 wie
2442 3642 2575 3696 adeo
2621 3656 2763 3695 reeo-

413 3722 581 3778 Diese
624 3723 823 3777 Worte
878 3721 1005 3776 sind
1060 3720 1143 3775 als
1187 3719 1531 3774 Parenthese
1640 3717 1790 3770 lutus
1837 3722 1886 3770 9.
1924 3720 1975 3770 5.
2016 3720 2102 3781 10,
2151 3715 2305 3770 iacui
2350 3714 2480 3769 totis
2525 3712 2765 3768 resoluta

410 3813 479 3851 zu
503 3794 709 3861 famen,
738 3791 915 3846 durch
935 3791 1148 3846 welche
1176 3791 1278 3844 der
1296 3789 1531 3844 Schrift-
1637 3787 1916 3854 maauaie,
1973 3785 2073 3842 Ov.
2122 3787 2255 3840 met.
2305 3789 2354 3840 9.
2403 3789 2524 3840 484.
2600 3782 2764 3844 Noch

412 3865 604 3920 stellet
647 3863 750 3920 auf
792 3863 903 3918 den
942 3866 1209 3931 Ausgang
1252 3861 1529 3916 hinweist.
1639 3858 1894 3927 haufiger
1970 3856 2064 3913 bei
2134 3856 2433 3912 Dichtern:
2515 3869 2763 3928 corpora,

408 3934 595 3992 Ueber
646 3937 985 3990 sustinere
1038 3951 1084 3990 c.
1138 3932 1239 3989 inf.
1296 3951 1338 3986 s.
1385 3929 1530 3986 Einl.
1639 3930 1879 3984 membra
1921 3945 2110 3990 somne
2149 3929 2495 3985 resolvunm
2531 3925 2620 3981 od.
2657 3925 2762 3978 ⁸01-

408 4013 441 4072 5
479 4013 549 4064 34
583 4008 638 4062 b.
679 4009 729 4078 β.
1640 4005 1863 4056 emotum.

482 4086 567 4136 17.
596 4094 690 4138 ‚ex
736 4077 1125 4146 armiqerie;
1173 4073 1297 4129 hier
1342 4075 1422 4128 ist
1464 4090 1533 4127 zu
1712 4077 1800 4126 22.
1837 4073 2160 4126 discusse.
2227 4069 2448 4132 Ebenno
2486 4072 2537 4120 8.
2575 4072 2625 4120 6.
2664 4070 2762 4131 26ς

409 4150 631 4206 denken
678 4165 750 4205 an
795 4148 887 4203 die
929 4142 1407 4216 σωματοφύλακες
1451 4144 1531 4198 im
1639 4143 1751 4212 vgl.
1799 4143 1966 4212 Prop.
2014 4148 2063 4197 3.
2115 4147 2198 4196 10.
2250 4145 2314 4194 13
2361 4153 2608 4219 commem
2657 4137 2763 4192 tibi

411 4235 654 4288 engeren
690 4219 876 4276 Sinne.
954 4219 1008 4274 S.
1048 4225 1097 4275 7.
1137 4223 1221 4274 15.
1639 4215 1849 4269 discute
1892 4233 1948 4269 u.
1995 4212 2095 4266 das
2140 4209 2440 4268 classische
2495 4209 2762 4262 decutere

483 4294 566 4344 18.
623 4291 905 4348 Mediae.
1002 4290 1165 4346 Diese
1225 4287 1393 4343 Notiz
1455 4287 1531 4340 ist
1638 4286 1954 4354 califimm,
2010 4283 2271 4338 tenebras.
2323 4311 2389 4320 —
2441 4280 2502 4334 ei
2555 4277 2764 4347 gehort
