3069 4749
818 124 1335 181 msroalARnM
1370 125 1807 180 ALEXANDm
1843 125 2021 194 vnn,
2057 132 2109 181 4.
2194 90 2200 94 ’

2519 126 2644 190 181

291 293 469 356 ultra
516 312 773 356 amnem
819 292 1075 370 essentq
1106 288 1465 353 declinasse
1510 287 1636 352 iter
1682 310 1777 371 e0,
1821 288 1936 354 ubi
1981 310 2101 372 par
2148 288 2386 372 gloria,
2431 288 2648 354 minus

292 381 651 466 periculum
694 383 887 443 esset.
958 378 1101 442 Iam
1146 377 1516 460 prospicere
1566 399 1636 441 se
1676 376 2024 461 Oceanum,
2069 378 2200 442 iam
2247 377 2521 461 perflare
2569 378 2648 442 ad
2686 397 2754 446 21

294 471 475 553 ipsos
522 490 751 533 auram
796 467 1014 531 maris·
1103 464 1207 531 Ne
1252 465 1619 530 inviderent
1665 465 1791 531 sibi
1829 467 2108 551 laudem,
2155 488 2346 549 quam
2382 469 2649 550 peteret.

293 557 595 623 Herculis
653 560 721 622 et
763 556 981 620 Liberi
1026 554 1241 619 Patris
1296 555 1612 620 terminos
1667 556 2064 620 transituros
2110 555 2292 639 illos,
2345 555 2486 639 regi
2534 576 2650 620 suo

294 667 497 731 parvo
544 645 851 730 inpendio
898 642 1467 710 immortalitatem
1510 643 1728 709 famae
1775 645 2059 709 daturos.

298 758 374 800 ex
418 735 611 799 India
656 735 891 816 redire,
934 753 1066 797 non
1110 731 1352 818 fugere.

2149 643 2537 709 Paterentur
2583 665 2652 708 se

474 823 707 890 Omnis
745 821 1093 888 multitudo
1138 824 1205 884 et
1240 820 1523 885 maxime
1557 820 1867 886 militaris
1907 821 2139 885 mobili
2177 820 2430 904 impetu
2469 820 2649 885 effer-
2690 841 2758 890 22

192 914 273 978 17
297 917 429 978 tur:
494 912 591 976 ita
644 910 986 976 seditionis
1041 930 1172 974 non
1224 909 1516 974 remedia
1572 931 1768 992 quam
1817 910 2140 995 principia
2184 909 2437 974 maiora
2483 915 2654 974 sunt.

293 1001 447 1066 Non
494 1000 659 1065 alias
714 1003 851 1064 tam
907 998 1121 1063 alacer
1174 998 1424 1063 clamor
1471 997 1554 1062 ab
1603 999 1888 1064 exercitu
1933 1001 2036 1062 est
2089 997 2378 1062 redditus
2433 998 2653 1062 iuben-
2691 1019 2760 1066 23

294 1090 488 1172 tium,
543 1088 804 1152 duceret
858 1087 957 1151 dis
1014 1087 1313 1151 secundis
1368 1091 1804 1171 aequaretque
1861 1087 2100 1170 gloria,
2155 1107 2314 1169 quos
2373 1087 2654 1151 aemula-

294 1181 488 1242 retur.
569 1176 809 1241 Laetus
863 1175 969 1240 his
1026 1173 1610 1240 adclamationibus
1667 1175 1750 1240 ad
1807 1176 2032 1240 hostes
2087 1174 2386 1258 protinus
2443 1178 2658 1240 castra

297 1265 522 1332 movit.
610 1263 1075 1330 Validissimae
1119 1263 1429 1328 Indorum
1480 1266 1710 1347 gentes
1758 1268 1943 1329 erant
1990 1267 2055 1329 et
2104 1264 2347 1328 bellum
2400 1264 2656 1348 inpigre
2694 1283 2764 1332 24

297 1355 624 1439 parabant
680 1353 1032 1436 ducemque
1078 1373 1157 1416 ex
1209 1352 1475 1416 natione
1522 1351 1955 1418 Sudracarum
2010 1355 2342 1435 spectatae
2393 1352 2657 1417 virtutis

299 1443 661 1527 elegerant:
699 1441 811 1526 qui
848 1442 969 1506 sub
1006 1440 1335 1505 radicibus
1376 1441 1618 1505 montis
1655 1445 1871 1506 castra
1904 1442 2124 1525 posuit
2158 1441 2419 1524 lateque
2453 1441 2660 1526 ignee,

296 1537 372 1596 ut
418 1531 700 1614 speciem
744 1529 1185 1594 multitudinis
1233 1533 1527 1614 augeret,
1587 1529 1902 1609 ostendit,
1955 1531 2236 1597 clamore
2284 1551 2538 1614 quoque
2585 1551 2660 1594 ac

300 1620 402 1683 sui
458 1619 660 1684 moris
714 1618 969 1682 ululatu
1022 1617 1380 1682 identidem
1436 1618 1918 1702 adquiescentes
1969 1617 2360 1684 Macedonas
2413 1618 2661 1683 frustra

299 1712 543 1771 terrere
590 1709 881 1771 conatus.
961 1705 1103 1770 Iam
1148 1705 1259 1771 lux
1308 1705 1681 1791 adpetebat,
1727 1728 1874 1772 cum
1920 1729 2034 1772 rex
2080 1707 2350 1772 fiduciae
2397 1728 2472 1771 ac
2518 1707 2658 1790 spei
2697 1725 2764 1774 25

300 1795 529 1879 plenus
586 1796 831 1860 alacres
892 1795 1135 1859 milites
1190 1815 1371 1859 arma
1424 1816 1657 1880 capere
1717 1799 1784 1860 et
1839 1796 2010 1861 exire
2069 1796 2138 1860 in
2195 1796 2402 1860 aciem
2460 1795 2659 1860 iubet.

306 1882 431 1948 Sed
465 1921 552 1930 --
588 1884 764 1949 haud
800 1883 1079 1947 traditur
1116 1886 1377 1948 metune
1414 1905 1501 1948 an
1539 1885 1769 1949 oborta
1807 1885 2126 1949 seditione
2163 1885 2336 1950 inter
2372 1885 2550 1968 ipsos
2571 1919 2660 1930 --

305 1972 522 2038 subito
585 1971 1019 2057 profugerunt
1070 1972 1361 2037 barbari:
1428 1977 1603 2038 certe
1659 1973 1840 2038 avios
1897 1977 2153 2038 montes
2209 1977 2276 2037 et
2332 1973 2660 2056 inpeditos
2699 1991 2767 2040 26

304 2065 808 2145 occupaverunt,
872 2081 1145 2144 quorum
1206 2080 1442 2145 agmen
1503 2082 1616 2125 rex
1677 2061 1923 2127 frustra
1985 2066 2361 2145 persecutus
2421 2061 2663 2145 inpedi-

305 2155 527 2215 menta
573 2150 765 2232 cepit.

200 2241 283 2306 18
480 2237 877 2304 Perventum
933 2237 1162 2303 deinde
1210 2241 1311 2302 est
1368 2236 1449 2304 ad
1496 2237 1804 2321 oppidum
1853 2235 2308 2322 Sudracarum,
2366 2238 2436 2302 in
2492 2238 2662 2323 quod

302 2326 593 2412 plerique
660 2325 1118 2412 confugerant,
1185 2326 1359 2392 haud
1422 2327 1674 2392 maiore
1735 2326 1976 2393 fiducia
2037 2327 2394 2412 moenium,
2469 2349 2662 2414 quam

306 2438 650 2481 armorum.
723 2414 867 2480 Iam
904 2416 1293 2481 admovebat
1329 2438 1469 2497 rex,
1517 2437 1661 2481 cum
1699 2420 1881 2482 vates
1928 2439 2191 2483 monere
2239 2439 2383 2481 eum
2433 2416 2662 2501 coepit,
2699 2436 2767 2485 27

307 2641 674 2710 ausgegeben.
739 2643 805 2697 In
841 2644 1121 2713 gleichem
1152 2644 1323 2701 Sinne
1351 2662 1429 2701 ce-

308 2714 431 2767 dere
466 2712 659 2780 aliqua
694 2730 753 2768 re
791 2719 839 2769 6.
880 2721 929 2769 6.
968 2720 1053 2769 33.

380 2798 466 2845 21.
512 2790 837 2847 Herculis
883 2798 944 2848 et
986 2792 1251 2860 Liberi,
1299 2812 1339 2850 s.
1380 2801 1429 2851 3.

312 2868 393 2916 10.
434 2868 482 2916 5.
566 2861 755 2931 Vergl.
809 2864 961 2918 ultra
1006 2863 1201 2919 Liberi
1250 2868 1433 2933 patris

308 2938 537 3002 tropaea
570 2934 921 2989 consistimus
955 2934 1050 2989 bei
1073 2934 1201 2991 Sen.
1221 2951 1271 2989 a.
1292 2952 1345 2991 a.
1366 2936 1447 3009 Ο,

380 3018 466 3067 22.
495 3018 556 3067 et
589 3015 873 3068 maoeime
896 3015 1245 3070 militaris,
1301 3014 1433 3071 Die-

314 3084 509 3139 selben
565 3084 763 3139 Worte
820 3090 868 3139 6.
916 3091 965 3139 9.
1015 3091 1063 3141 6.
1113 3116 1181 3126 --·
1218 3087 1322 3141 ita
1364 3110 1433 3133 επ

308 3155 519 3225 itaque,
560 3154 841 3222 ‘somit',
879 3156 985 3211 wie
1025 3162 1073 3211 ⁷1.
1106 3162 1153 3212 1.
1194 3162 1263 3210 30
1296 3171 1350 3211 u.
1382 3163 1433 3213 ὃ.

306 3256 374 3266 -
432 3227 743 3282 remedia.
832 3226 1055 3281 Ebenso
1116 3234 1197 3284 10.
1256 3234 1305 3284 2.
1363 3233 1429 3283 21

302 3297 363 3351 in
424 3297 711 3367 gleichem
773 3296 1217 3353 zusammenhan
1258 3314 1307 3356 e.
1362 3330 1430 3339 --

303 3369 593 3435 maiora,
666 3368 1049 3439 zeugmatisch
1122 3386 1227 3425 auo
1336 3370 1438 3425 auf

305 3440 543 3495 remedia
596 3457 665 3493 zu
727 3438 1023 3507 beziehen,
1088 3456 1205 3494 was
1267 3457 1429 3495 umso

306 3509 552 3578 weniger
596 3510 728 3564 hart
770 3509 872 3577 ist,
920 3510 1007 3565 als
1043 3527 1176 3565 man
1214 3510 1433 3580 ffiglioh

307 3595 419 3632 von
446 3578 629 3633 einem
657 3596 901 3649 parvum
934 3580 1127 3637 remed.
1158 3581 1433 3650 sprechen

306 3648 533 3705 konnte.
634 3650 769 3705 Man
841 3651 1105 3708 vermisst
1174 3651 1268 3707 ein
1338 3652 1432 3707 be-

316 3719 731 3775 schrankendes
766 3722 895 3788 fere.

379 3796 465 3845 23.
521 3792 925 3860 iubentium,
987 3790 1135 3849 κατὰ
1201 3789 1428 3848 σύνεσιν

305 3860 397 3915 ffir
454 3862 710 3937 iubentis.
801 3863 907 3918 Die
970 3863 1232 3933 folgende
1290 3862 1431 3918 Gon-

299 3931 925 4002 junktivconstruktion
980 3951 1165 4005 genau
1218 3933 1325 3989 wie
1382 3940 1431 3989 6.

306 4009 357 4057 4.
400 4010 447 4058 1.
486 4033 556 4045 —
593 4009 823 4060 castra
855 4006 1089 4073 movit,
1125 4005 1285 4060 nicht
1320 4004 1433 4060 viel

304 4074 463 4129 mehr
502 4074 589 4129 als
627 4071 869 4145 ὡρμήθη
880 4118 895 4145 ,
910 4145 915 4149 .
931 4074 1264 4146 προήλασεν.

378 4150 464 4199 24.
522 4148 873 4214 parabant
932 4186 946 4199 .
1006 4188 1019 4201 .
1078 4149 1430 4218 eleyerant.

308 4214 415 4269 Die
461 4214 755 4272 Parataxis
804 4217 879 4272 ist
922 4216 1081 4273 nicht
1124 4218 1287 4273 recht
1339 4233 1433 4285 ge-

312 4285 544 4345 schickt.
582 4318 645 4327 —
688 4289 849 4355 late,
889 4287 972 4342 ‘in
1008 4287 1193 4345 einem
1228 4287 1434 4343 weiten

1540 2643 1876 2700 Umkreise'.
1969 2644 2257 2701 Ostendere
2307 2646 2523 2715 aliquid
2574 2646 2664 2700 ho-

1539 2716 1716 2770 stibus
1767 2715 1844 2769 ist
1897 2715 2064 2770 milit.
2118 2718 2158 2771 t.
2211 2717 2254 2771 t.
2294 2742 2362 2763 =
2399 2722 2528 2771 ante
2571 2717 2664 2770 ho-

1539 2788 1708 2841 stium
1756 2787 1940 2842 oculos
1993 2786 2210 2855 aliquid
2261 2788 2330 2841 dc
2381 2788 2664 2842 industria

1539 2858 1744 2924 facere,
1770 2873 1998 2926 parare.
2039 2888 2104 2895 —
2142 2858 2254 2911 sui
2285 2859 2515 2924 morie,
2556 2856 2662 2911 wie

1544 2934 1593 2982 7.
1644 2934 1726 2982 10.
1775 2936 1808 2983 e
1855 2952 1924 2975 ἒ.-.
1963 2928 2146 2995 patrii
2199 2929 2368 2981 mom
2411 2929 2486 2997 (4.
2536 2934 2582 2981 1.
2632 2934 2663 2982 7

1543 3016 1596 3052 u.
1629 3001 1722 3068 6.).
1781 2999 1910 3069 Vgl.
1940 2997 2062 3053 Liv.
2083 3004 2170 3053 21.
2191 3002 2277 3054 28.
2302 3004 2329 3051 1
2358 2999 2668 3053 ululatibus

1544 3074 1816 3139 cantuque
1869 3070 2037 3125 moris
2089 3070 2194 3124 sui.
2244 3098 2311 3109 -—
2364 3070 2547 3124 exire
2600 3070 2668 3123 in

1544 3142 1720 3195 locum
1782 3141 1860 3195 ist
1922 3139 2139 3209 h'aufig,
2209 3140 2344 3195 aber
2407 3138 2468 3194 in
2529 3138 2668 3194 Ver-

1541 3211 1798 3281 bindung
1841 3210 1948 3265 mit
1992 3212 2136 3266 acies
2176 3211 2252 3266 ist
2287 3211 2494 3281 egredi,
2534 3226 2665 3279 pro-

1541 3283 1663 3337 dire
1699 3283 1799 3337 das
1835 3282 2121 3337 Uebliche.

1613 3375 1698 3426 26.
1737 3374 1936 3435 certe,
1987 3369 2429 3439 ‘jedenfalls'
2469 3370 2576 3424 wie
2613 3374 2661 3425 8.

1544 3446 1627 3495 10.
1658 3446 1744 3496 36.
1811 3440 1924 3495 Das
1952 3441 2317 3497 Entweichen
2351 3442 2410 3495 in
2436 3456 2660 3510 unweg-

1540 3527 1694 3566 same
1749 3510 1990 3581 Gebirge
2054 3511 2162 3567 mit
2219 3511 2668 3581 Zurficklassung

1542 3583 1639 3637 des
1667 3582 1866 3636 Trains
1892 3599 2012 3637 war
2041 3581 2345 3652 jedenfalle
2381 3580 2474 3637 ein
2499 3582 2665 3637 Ver-

1540 3652 1812 3707 meiden
1848 3652 1948 3707 der
1984 3652 2268 3709 Schlacht.
2300 3684 2368 3693 —-
2404 3652 2662 3709 Sudra-

1541 3740 1782 3779 carum.
1867 3722 1927 3779 G.
1977 3722 2124 3793 folgt
2182 3723 2368 3779 hierin
2422 3724 2522 3779 der
2570 3740 2667 3794 ge-

1541 3794 1899 3849 wohnlichen
1915 3794 2231 3860 Tradition‚
2257 3794 2348 3849 die
2377 3794 2522 3849 auch
2541 3796 2665 3849 Arr.

1543 3865 1814 3931 erwahnt,
1843 3864 1943 3921 der
1961 3864 2298 3931 seinerseits‚
2326 3865 2528 3934 gewiss
2558 3866 2664 3919 mit

1541 3936 1748 4002 Recht,
1787 3935 1879 3989 die
1911 3934 2175 4004 folgende
2202 3935 2558 4006 Belagerung
2585 3938 2665 3991 im

1543 4005 1746 4061 Gebiet
1786 4005 1888 4061 der
1920 4004 2086 4060 Malli
2121 4008 2174 4073 (9
2214 4008 2302 4076 15)
2339 4006 2666 4062 stattfinden

1539 4077 1693 4133 lasst.
1747 4106 1816 4117 —-
1869 4078 2214 4144 fiducia.
2304 4077 2420 4131 Der
2479 4078 2668 4132 blosse

1541 4146 1771 4201 Ablativ
1824 4147 1900 4202 ist
1939 4146 2102 4201 nicht
2155 4146 2418 4217 auffallig
2471 4164 2556 4202 we
2597 4165 2670 4203 en

1543 4217 2098 4343 gesmbeff'ehenden
2147 4218 2446 4275 Attributs.
2540 4166 2647 4289 &gl
