3069 4749
811 200 1315 253 HISTORIARUM
1348 200 1772 251 ALEXANDRI
1810 202 1904 268 IV,
1943 204 1990 253 9.
2035 203 2119 253 10.
2516 198 2644 263 145

292 366 556 451 praeter
600 384 840 447 paucas
886 362 1177 427 sarcinas
1234 360 1672 427 desideratum
1728 362 1845 427 est.
1933 359 2153 425 Deleri
2208 360 2423 446 potuit
2469 382 2642 426 exer·
2675 381 2748 430 22

294 455 495 534 cituS‚
551 453 606 517 si
655 452 798 537 quis
844 452 1103 516 vincere
1150 458 1346 515 ausus
1395 453 1593 533 esset,
1651 449 1764 513 sed
1799 452 2112 532 perpetua
2155 448 2422 514 fortuna
2465 450 2640 537 regis

294 544 537 609 avertit
578 541 729 605 inde
774 540 1050 604 hostem.
1125 536 1232 604 Sic
1279 537 1628 602 Granicum
1672 540 1776 602 tot
1821 536 2082 602 milibus
2131 540 2420 623 equitum
2467 540 2643 621 pedi-

292 635 565 715 tumque
608 630 679 693 in
724 628 1033 693 ulteriore
1080 628 1409 693 stantibus
1462 626 1606 709 ripa
1662 626 2017 710 superavit,
2075 626 2166 691 sic
2221 628 2516 711 angustis
2573 629 2642 691 in

297 719 567 785 Ciliciae
613 717 891 783 callibus
938 720 1196 781 tantam
1244 714 1724 780 multitudinem
1769 715 2082 780 hostium:
2140 715 2443 780 audaciae
2489 736 2641 801 quo·
2680 737 2752 787 23

293 831 439 893 que,
486 829 613 893 qua
650 807 933 871 maxime
970 806 1200 891 viguit,
1246 806 1413 869 ratio
1453 804 1658 868 minui
1702 807 1938 888 potest,
1986 804 2137 888 quia
2183 826 2535 890 numquam
2575 806 2643 869 in

296 898 641 962 discrimen
690 899 891 979 venit,
948 916 1033 959 an
1086 897 1327 957 temere
1383 892 1666 957 fecisset.
1757 891 2086 975 Mazaeus,
2144 893 2278 977 qui,
2326 894 2384 957 si
2429 896 2639 959 trans-

295 987 599 1051 euntibus
634 984 876 1048 flumen
912 982 1414 1066 supervenisset,
1460 980 1636 1046 haud
1683 980 1872 1046 dubie
1921 1002 2348 1065 oppressurus
2384 982 2510 1047 fuit
2545 983 2642 1047 in-

224 1142 235 1149 ,
295 1074 689 1158 conpositos,
733 1073 803 1135 in
846 1072 991 1156 ripa
1028 1070 1286 1135 demum
1326 1071 1405 1135 ad
1450 1070 1584 1135 iam
1631 1074 2030 1154 perarmatos
2078 1071 2454 1155 adequitare
2501 1092 2642 1136 coe-

296 1164 415 1246 pit.
502 1161 683 1227 Mille
738 1160 1085 1225 admodum
1140 1159 1389 1244 equites
1443 1160 1884 1243 praemiserat.
1978 1157 2282 1234 Quorum'
2313 1161 2644 1243 paucitate
2681 1182 2753 1231 24

298 1250 665 1314 Alexander
718 1250 1078 1331 explorata,
1144 1247 1371 1314 deinde
1438 1251 1814 1331 contempta
1866 1248 2265 1331 praefectum
2308 1249 2644 1315 Paeonum

296 1339 590 1423 equitum
628 1338 939 1403 Aristona
974 1336 1213 1403 laxatis
1250 1338 1523 1402 habenis
1561 1337 1782 1401 invehi
1815 1337 2022 1400 iussit.
2094 1335 2378 1423 Insignis
2425 1360 2502 1403 eo
2541 1338 2643 1403 die
2681 1360 2752 1409 25
2836 1384 2842 1388 -

293 1448 520 1513 pugna
566 1428 856 1511 equitum
912 1430 978 1490 et
1031 1427 1375 1512 praecipue
1419 1425 1751 1491 Aristonis
1797 1424 1941 1493 fuit.
2005 1424 2412 1491 Praefectum
2469 1428 2646 1511 equi-

293 1521 471 1581 tatus
519 1515 867 1581 Persarum
914 1512 1303 1598 Satropaten
1359 1514 1608 1580 directa
1661 1514 1732 1579 in
1789 1516 2018 1599 guttur
2070 1514 2262 1579 hasta
2314 1516 2647 1579 transfixit

293 1604 779 1689 fugientemque
826 1624 942 1688 per
996 1603 1245 1669 medios
1290 1604 1513 1670 hostes
1563 1608 1944 1669 consecutus
2000 1624 2075 1666 ex
2123 1624 2286 1687 equo
2333 1604 2646 1688 praecipi-

293 1693 464 1758 tavit
510 1696 576 1757 et
621 1693 981 1757 obluctanti
1029 1692 1248 1779 gladio
1288 1700 1483 1777 caput
1530 1691 1831 1777 dempsit,
1878 1691 2048 1776 quod
2084 1694 2364 1759 relatum
2403 1713 2728 1820 magnas&

294 1804 441 1848 cum
479 1782 668 1846 laude
716 1784 867 1845 ante
911 1784 1086 1867 regis
1133 1780 1331 1867 pedes
1376 1782 1613 1865 posuit.
1905 1847 1916 1853 ,
2593 1824 2630 1887 s

1327 2010 1489 2077 OAP.
1532 2011 1614 2078 X.

190 2140 279 2206 39
476 2136 688 2201 Biduo
736 2138 831 2203 ibi
876 2137 1120 2202 stativa
1178 2158 1293 2201 rex
1346 2136 1612 2221 habuit,
1665 2137 1735 2201 in
1789 2138 2154 2222 proximum
2210 2137 2444 2203 deinde
2499 2158 2644 2221 pro·
2687 2158 2714 2204 1

298 2226 583 2291 nuntiar‘
630 2228 749 2291 iter
791 2227 1001 2293 iussit.
1093 2224 1218 2291 Sed
1265 2226 1477 2310 prima
1520 2226 1658 2292 fere
1703 2227 1930 2312 vigilia
1972 2229 2128 2293 luna
2173 2226 2470 2293 deficiens
2517 2225 2645 2309 pri·
2685 2246 2716 2295 2

304 2336 480 2380 mum
524 2316 595 2380 ni
629 2336 808 2381 orem
848 2313 1073 2381 sideris
1112 2316 1213 2381 sui
1252 2315 1556 2398 condidit,
1601 2316 1828 2382 deinde
1877 2316 2210 2404 sanguinis
2251 2318 2466 2384 colore
2511 2316 2646 2382 suf-

299 2404 446 2471 fuso
492 2406 713 2470 lumen
762 2427 953 2470 omne
989 2405 1302 2471 foedavit:
1350 2404 1774 2491 sollicitisque
1813 2408 1932 2472 sub
1971 2407 2184 2490 ipsum
2219 2407 2390 2470 tanti
2425 2405 2646 2472 discri-

302 2492 495 2558 minis
544 2515 764 2559 casum
810 2494 1043 2580 ingens
1089 2494 1318 2579 religio
1366 2498 1432 2559 et
1478 2517 1557 2559 ex
1604 2507 1680 2560 ea
1717 2495 1994 2560 formido
2035 2495 2350 2578 quaedam
2387 2499 2650 2558 incussa

303 2585 422 2647 est.
512 2581 633 2647 Dis
679 2583 905 2648 invitis
951 2583 1021 2646 in
1066 2582 1333 2648 ultimas
1376 2588 1594 2649 terras·
1646 2584 1818 2649 trahi
1874 2600 1958 2648 se*
1999 2583 2456 2668 querebantur:
2511 2582 2644 2650 iam
2684 2604 2719 2654 3

304 2691 425 2734 nec
468 2671 739 2736 flumina
781 2693 977 2756 posse
1015 2672 1179 2736 adiri
1213 2693 1331 2738 nec
1368 2672 1586 2738 sidera
1627 2673 1977 2756 pristinum
2017 2693 2270 2737 servare
2306 2671 2646 2757 fulgorem,

302 2762 525 2824 vastas
563 2763 789 2839 terrae,
835 2761 1091 2827 deserta
1128 2763 1345 2827 omnia
1383 2782 1746 2836 occurrere:
1789 2761 1862 2824 in
1897 2759 2089 2823 unius
2125 2759 2410 2825 hominis
2446 2759 2647 2824 iacta-

1525 2953 1624 3008 det
1659 2953 1760 3008 das
1797 2951 2047 3006 Verbum
2095 2952 2269 3006 sehon
2317 2951 2378 3017 Q.
2421 2950 2531 3007 Cic.
2571 2950 2643 3006 de

370 2957 457 3007 22.
494 2925 785 3018 vincere,
814 2952 1032 3007 starker
1060 2953 1143 3008 als
1175 2955 1417 3023 ayqredi.

1524 3023 1685 3094 petit.
1726 3040 1874 3079 cons.
1914 3029 1965 3078 9.

302 3035 368 3063 -·
406 3024 727 3091 callibus,
766 3023 1059 3093 Defiles‚
1097 3041 1141 3080 s.
1171 3030 1221 3079 3.
1252 3031 1416 3093 4.13‚

300 3099 711 3222 misiobninui
748 3165 873 3220 ah.
902 3183 1035 3220 man
1060 3167 1215 3220 kann
1240 3165 1419 3221 leieht

296 3233 503 3290 darauf
513 3236 798 3320 kommen,
816 3237 1077 3321 geringer
1092 3239 1417 3338 anpuschla-

298 3323 426 3432 {352
455 3310 1127 3448 si..;?1.?131⁸.3.²g‚⁹’⁶.2‘;5’
1156 3309 1419 3446 ὴίᾏξὲἷῗ

300 3449 503 3504 ebenso
533 3451 595 3504 in
624 3451 943 3505 discrimine
968 3465 1077 3505 esse
1095 3449 1187 3504 bei
1206 3451 1325 3506 Liv.
1346 3480 1415 3491 --

298 3523 531 3575 temere
568 3521 620 3575 d.
650 3521 687 3576 i.
728 3522 875 3575 ohne
894 3520 1006 3576 alle
1034 3509 1413 3591 Uberlegung,

297 3588 445 3644 bloss
508 3607 642 3646 vom
699 3591 881 3646 Gh'ick
936 3591 1187 3661 geleitet.
1277 3593 1417 3645 Zum

298 3663 525 3716 wahren
540 3663 665 3717 Mut
674 3664 968 3730 (audacia)
985 3665 1187 3733 gehort
1201 3663 1415 3718 Kennt-

293 3731 385 3785 >nis
430 3732 547 3786 und
590 3735 909 3789 besonnene
953 3735 1273 3802 Erwagung
1318 3735 1417 3788 der

298 3801 523 3856 Gefahr.
562 3803 637 3859 So
656 3804 798 3858 wird
821 3809 902 3860 14.
928 3809 993 3859 13
1014 3806 1114 3859 der
1130 3806 1309 3860 virtus
1323 3805 1413 3860 die

296 3877 570 3929 temeritas
620 3875 1189 3944 gegem‘ibergestellt.
1264 3863 1415 3931 Uber

294 3961 376 4000 an
412 3963 455 4000 s.
492 3945 557 4002 Ε.
600 3951 719 4001 135.
1062 3995 1085 4014 ,

370 4021 457 4071 24.
496 4018 627 4072 lam.
668 4017 974 4085 habenis,
1012 4034 1054 4072 s.
1080 4023 1161 4074 15.
1186 4024 1235 4084 3,
1264 4021 1416 4087 poet.

297 4087 388 4140 fur
422 4089 547 4144 hab.
576 4089 819 4143 remissis
844 4088 980 4142 oder
1008 4089 1115 4143 den
1141 4091 1288 4143 noch
1318 4088 1419 4142 fib-

297 4157 515 4242 lichern
563 4157 859 4214 Ausdruck
904 4160 1186 4228 admissis,
1232 4161 1418 4215 citatis

299 4244 463 4296 equis.

366 4305 457 4353 25.
486 4300 923 4371 Satropaten,
954 4302 1417 4370 s.§7.—demp-

298 4369 420 4434 sit;
456 4371 559 4427 mit
598 4372 729 4426 dem
756 4371 965 4442 Objekt
1002 4377 1171 4442 eaput
1202 4373 1418 4428 verbin-

407 4459 593 4522 Vooin,
619 4469 671 4520 Q.
700 4471 899 4513 Curtius.
938 4472 975 4511 1.

1966 3201 2102 3254 ΚΑΒ.
2139 3199 2206 3258 X.

1601 3313 1648 3364 1.
1687 3307 1813 3372 ibi,
1852 3324 1944 3362 am
1979 3306 2182 3377 Tigris.

1595 3385 1646 3434 2.
1683 3379 2045 3446 deficiens,
2079 3378 2142 3432 in
2173 3378 2272 3431 der
2299 3376 2488 3432 Nacht
2513 3393 2644 3432 vom

1522 3455 1610 3504 20.
1648 3467 1775 3504 zum
1821 3455 1906 3505 21.
1956 3450 2111 3520 Sept.
2158 3455 2279 3506 331.
2319 3479 2386 3489 —-
2425 3450 2644 3519 sidus,

1521 3521 1674 3590 poet.
1710 3539 1766 3574 u.
1808 3521 1924 3574 nkl.
1976 3521 2150 3576 ofters
2195 3536 2308 3575 von
2357 3519 2542 3577 Sonne
2589 3540 2644 3578 u.

1522 3591 1722 3658 Mond3
1769 3591 1859 3646 die
1903 3609 2080 3660 ganze
2134 3590 2314 3646 Stelle
2358 3592 2436 3647 ist
2491 3592 2644 3646 dich-

1523 3661 1737 3716 teriseh
1755 3663 1994 3731 gesarbt.
2015 3694 2083 3702 —
2109 3664 2442 3730 foedavit;
2481 3663 2641 3717 Sinn:

1526 3733 1618 3787 die
1656 3731 2055 3788 Mondscheibe
2088 3750 2206 3789 war
2234 3734 2341 3789 wie
2379 3735 2484 3788 mit
2509 3733 2644 3786 Blut

1522 3804 1882 3858 unterlaufen
1908 3805 2024 3858 und
2052 3805 2308 3874 greulich
2343 3804 2640 3859 anzusehn.

1522 3875 1599 3929 So
1647 3876 1739 3930 bei
1785 3874 1996 3930 Sallust
2051 3875 2281 3946 (fragm.
2330 3881 2428 3943 73)
2473 3876 2643 3929 nubes

1519 3947 1803 4014 foedavere
1837 3948 2032 4002 lumen.
2089 3948 2204 4002 Das
2230 3947 2394 4002 Wort
2421 3947 2643 4012 foedare

1523 4017 1601 4072 ist
1637 4017 1730 4072 bei
1763 4017 2034 4072 Dichtern
2070 4018 2344 4087 geradezu
2381 4017 2641 4071 versin-

1526 4089 1738 4158 stern,
1776 4089 2038 4144 truben.
2101 4075 2252 4142 Uber
2275 4089 2486 4155 sufflaso
2515 4103 2556 4140 s.
2589 4093 2639 4142 3.

1525 4164 1575 4214 5.
1616 4165 1664 4212 3.
1705 4191 1772 4200 -
1809 4160 1927 4215 sub
1962 4166 2000 4215 t.
2039 4160 2092 4215 d.
2133 4175 2376 4220 casam,
2415 4159 2494 4212 im
2529 4161 2640 4212 An-

1522 4230 1744 4300 gesicht
1807 4229 1904 4285 des
1977 4229 2283 4299 wichtigen
2343 4227 2640 4285 Entsehei-

1525 4301 1984 4372 dungskampfes.

1599 4378 1647 4428 3.
1713 4389 1909 4443 posse
1971 4372 2180 4439 adiri,
2247 4371 2354 4427 ein
2414 4373 2642 4444 Begriff‚
