3069 4749
206 495 295 560 24

876 139 1388 197 HISTORIARUM
1426 140 1860 195 ALEXANDRI
1898 140 2020 209 VII,
2061 148 2112 196 5.
2592 141 2628 204 7
2633 140 2674 204 9

314 307 565 393 posteri
608 307 818 387 luere,
864 303 976 388 qui
1020 324 1101 369 ne
1148 303 1445 369 viderant
1492 302 1754 387 quidem
1799 300 2128 388 Miletum,
2172 303 2316 369 ideo
2362 307 2432 369 et
2477 301 2676 368 Xerxi

314 418 449 464 non
494 396 851 479 potuerant
894 392 1185 476 prodere.

494 482 653 549 Inde
718 482 1039 566 precessit
1102 479 1183 545 ad
1241 478 1517 545 Tanaim
1583 502 1856 545 amnem.
1959 480 2100 557 Quo
2166 480 2514 566 perductus
2576 486 2678 546 est
2714 502 2782 552 36

312 574 556 639 Bessus
602 593 738 636 non
785 569 1038 635 vinctus
1080 569 1307 652 mode,
1352 568 1469 633 sed
1514 569 1714 633 etiam
1752 570 1932 637 omni
1968 570 2340 635 velamento
2387 570 2676 653 corporis

316 661 658 749 spoliatus.
748 656 1159 743 Spitamenes
1206 678 1355 722 eum
1400 657 1670 723 tenebat
1715 658 1884 723 collo
1931 658 2180 723 inserta
2225 664 2480 742 catena,
2537 662 2678 725 tam

314 750 616 817 barbaris
670 768 869 832 quam
912 746 1375 813 Macedonibus
1424 749 1687 831 gratum
1731 747 2193 830 spectaculum.
2266 746 2433 813 Tum
2469 745 2678 832 Spita·
2715 767 2783 817 37

319 860 569 922 menes,
626 836 739 902 ‘Et
782 834 892 919 te',
946 835 1185 919 inquit,
1241 832 1333 900 ‘et
1376 834 1694 918 Dareum,
1747 854 1936 919 reges
1982 856 2190 919 meos,
2243 836 2422 901 ultus
2475 837 2677 901 inter-

318 928 632 994 fectorem
679 924 926 991 demini
974 924 1073 989 sui
1108 923 1375 1006 adduxi,
1422 945 1499 989 eo
1547 924 1741 989 modo
1781 927 2070 1008 captum,
2116 924 2298 991 cuius
2335 924 2477 1009 ipse
2523 924 2679 989 feeit

320 1016 705 1101 exemplum.
765 1012 1044 1097 Aperiat
1080 1012 1163 1077 ad
1198 1010 1324 1077 hoc
1364 1012 1804 1096 spectaculum
1844 1013 2064 1078 oculos
2095 1011 2371 1077 Dareus!
2416 1013 2680 1078 Existat

320 1105 402 1169 ab
440 1104 686 1185 inferis,
722 1102 835 1186 qui
871 1101 991 1165 illo
1030 1100 1353 1185 supplicio
1388 1100 1698 1185 indignus
1734 1100 1862 1166 fuit
1899 1105 1965 1167 et
2000 1101 2125 1165 hoc
2160 1101 2404 1167 solacio
2441 1101 2678 1187 dignus

323 1195 423 1257 est
434 1190 473 1257 1’
557 1189 926 1255 Alexander
980 1190 1263 1254 multum
1318 1189 1706 1254 conlaudato
1763 1188 2138 1275 Spitamene
2194 1211 2542 1255 conversus
2599 1190 2680 1255 ad
2715 1210 2782 1260 38

320 1280 627 1358 Bessum,
674 1276 939 1361 ‘Cuius'‚
982 1278 1226 1362 inquit,
1270 1276 1473 1343 ‘ferae
1510 1277 1727 1343 rabies
1767 1279 2106 1363 occupavit
2143 1278 2430 1343 animum
2476 1282 2682 1362 tuum,

322 1390 470 1434 cum
508 1386 733 1451 regem
770 1366 849 1431 de
884 1370 951 1431 te
990 1366 1235 1451 optime
1273 1367 1579 1431 meritum
1615 1368 1798 1451 prius
1835 1367 2097 1450 vincire,
2133 1366 2364 1431 deinde
2393 1366 2682 1432 occidere

322 1456 741 1523 sustinuisti?
817 1453 941 1520 Sed
985 1454 1177 1519 huius
1220 1454 1556 1538 parricidii
1591 1455 1952 1521 mercedem
1995 1455 2168 1521 falso
2207 1456 2380 1541 regis
2417 1456 2682 1521 nomine

320 1544 703 1631 persolvisti
746 1542 917 1609 tibi'.
988 1542 1112 1607 Ille
1158 1543 1412 1608 facinus
1458 1563 1739 1628 purgare
1779 1566 1913 1609 non
1951 1566 2144 1609 ausus
2191 1544 2365 1629 regis
2411 1544 2682 1609 titulum
2721 1566 2788 1615 39

326 1656 395 1699 se
428 1655 758 1717 ,usurpare
804 1632 997 1717 dixit,
1040 1636 1115 1696 ut
1160 1635 1422 1718 gentem
1468 1654 1655 1697 suam
1695 1632 1954 1697 tradere
2001 1632 2130 1716 ipsi
2174 1636 2420 1716 posset:
2469 1633 2581 1717 qui
2627 1632 2683 1697 si

326 1724 672 1805 cessasset,
735 1722 937 1787 alium
989 1720 1194 1785 fuisse
1256 1740 1533 1805 regnum
1590 1724 2070 1805 occupaturum.
2171 1720 2262 1786 Et
2315 1720 2684 1787 Alexander
2720 1743 2790 1792 40

327 1810 677 1893 Oxathren,
712 1809 989 1874 fratrem
1025 1808 1245 1893 Darei,
1282 1831 1473 1894 quem
1509 1812 1682 1874 inter
1719 1810 2008 1894 corporis
2045 1810 2344 1875 custodes
2381 1810 2687 1894 habebat,

324 1899 593 1985 propius
648 1898 843 1963 iussit
887 1898 1185 1963 accedere
1238 1897 1542 1983 tradique
1586 1898 1862 1963 Bessum
1917 1898 2008 1983 ei,
2063 1902 2137 1963 ut
2183 1899 2355 1963 cruci
2402 1898 2686 1963 adfixum

327 1988 651 2053 mutilatis
708 1986 972 2051 auribus
1026 1986 1421 2070 naribusque
1477 1986 1740 2071 sagittis
1796 1987 2198 2075 configerent
2257 1987 2521 2053 barbari
2577 1988 2684 2051 ad-

328 2078 789 2161 servarentque
828 2096 1079 2160 corpure,
1115 2080 1189 2141 ut
1223 2097 1305 2140 ne
1344 2097 1495 2143 aves
1534 2074 1793 2160 quidem
1824 2076 2296 2162 contingerent.
2362 2075 2684 2141 Oxathres
2720 2100 2786 2148 41

328 2281 395 2292 -—
444 2251 591 2307 ideo
636 2254 697 2304 et
740 2274 811 2295 ==
862 2248 1061 2305 ‘daher
1106 2249 1295 2317 auch'‚
1346 2249 1452 2305 wie

327 2320 477 2378 auch
501 2320 596 2377 bei
616 2320 935 2378 Classikern
961 2320 1023 2376 in
1050 2320 1261 2376 diesem
1282 2319 1453 2376 Sinne

326 2395 449 2450 ideo
494 2397 570 2461 et,
613 2394 800 2462 itaque
842 2397 922 2459 et,
968 2392 1144 2462 ’ἐρίων
1190 2398 1240 2447 et
1286 2392 1454 2460 (doeh

326 2465 489 2520 nieht
530 2469 583 2518 et
617 2465 830 2534 itaque,
880 2464 1078 2532 igitur)
1114 2463 1452 2518 vorkommt.

327 2536 445 2591 Das
478 2534 745 2604 folgende
780 2549 897 2588 ‘non
922 2538 1226 2603 potuerant
1258 2533 1337 2588 ist
1366 2531 1453 2588 als

331 2606 425 2660 ein
449 2604 666 2676 Begriff
688 2623 760 2659 zu
786 2605 975 2660 fassen
990 2629 1061 2652 εε-
1079 2605 1452 2674 nequiverant.

328 2675 667 2730 Ausserdem
712 2693 755 2730 s.
802 2675 949 2730 Einl.
1000 2681 1033 2742 ς
1068 2682 1155 2731 23.
1230 2676 1454 2730 Andere

330 2747 510 2802 lesen:
556 2747 721 2812 αᾶεος
765 2745 942 2802 allein
986 2747 1139 2801 diese
1182 2745 1455 2814 Partikel‚

330 2818 423 2872 die
459 2818 558 2874 bei
582 2817 1053 2873 Nachclaesikern
1080 2817 1239 2872 nicht
1275 2818 1457 2872 selten

331 2889 481 2944 nach
512 2905 585 2944 ne
622 2929 634 2942 .
668 2931 680 2943 .
718 2889 937 2958 quidem
974 2888 1094 2948 sich
1129 2886 1323 2952 findet,
1359 2888 1456 2942 be-

332 2960 528 3014 deutet
596 2959 691 3014 bei
761 2959 1204 3029 naehfolgender
1267 2958 1456 3028 Nega-

332 3029 456 3086 tion
483 3029 943 3100 geschweige‚
973 3030 1458 3095 dass==nedwm;

334 3101 479 3156 dazu
523 3101 713 3156 wurde
757 3101 911 3156 wohl
956 3100 1049 3156 ein
1088 3102 1460 3170 prodiderant

334 3171 624 3240 stimmen,
654 3171 817 3226 nieht
843 3171 981 3225 aber
1006 3177 1309 3241 potuerant
1326 3187 1457 3240 pro-

332 3244 473 3300 dere.
557 3242 819 3298 Dieselbe
858 3241 1195 3297 Greschichte
1242 3242 1461 3297 erzahlt

333 3313 600 3384 fibrigens
628 3314 775 3368 auch
798 3312 1071 3368 Plutarch
1096 3313 1210 3368 und
1236 3312 1457 3382 strabo,

332 3384 435 3438 der
470 3385 728 3440 Letztere
762 3384 910 3438 nach
950 3382 1341 3440 Callisthenes.

406 3461 492 3509 36.
542 3457 626 3510 ad
674 3455 959 3510 Tanaim
996 3480 1065 3502 ==
1109 3455 1455 3510 Jaxarten.

336 3524 370 3578 J
374 3524 647 3579 edenfalls
689 3525 781 3580 ein
826 3526 1101 3592 Irrthum,
1156 3526 1307 3581 deun
1359 3525 1459 3580 der

334 3595 459 3649 Jax.
495 3595 671 3650 fliesst
694 3595 958 3652 nbrdHch
982 3613 1095 3652 von
1120 3595 1461 3653 Maracanda

338 3667 413 3734 (6.
454 3669 560 3734 10).
625 3666 884 3722 Gemeint
920 3667 997 3723 ist
1030 3668 1183 3722 wohl
1219 3667 1311 3722 ein
1346 3667 1457 3721 Ne-

334 3735 579 3790 benfluss
634 3736 733 3792 des
789 3736 957 3794 Oxus,
1004 3769 1071 3780 -—
1126 3739 1298 3794 collo
1352 3740 1458 3793 in-

334 3813 531 3863 serta.
627 3808 829 3862 Ari-ian
894 3810 1045 3880 sagt:
1108 3805 1327 3879 ’γυμνὸν
1393 3803 1459 3864 ἐκ

335 3878 507 3949 κλοιῷ
545 3873 838 3947 δήσαντες.
1096 3905 1115 3922 ·

406 3955 492 4004 37.
540 3963 609 4004 eo
654 3950 840 4004 modo
886 3950 939 4007 d.
976 3951 1033 4006 h.
1070 3967 1176 4020 per
1222 3951 1462 4006 midias

332 4021 724 4090 etperfidiam.
766 4050 834 4061 —-
870 4022 1037 4089 fecit
1078 4022 1457 4091 exemplum.

333 4089 439 4146 Bei
482 4091 589 4148 den
640 4089 964 4146 Classikem
1016 4090 1093 4146 ist
1142 4093 1323 4159 faeere
1371 4108 1461 4148 ex-

334 4163 568 4232 emplwm
612 4181 655 4219 s.
694 4179 746 4218 v.
785 4178 839 4218 a.
884 4168 1123 4218 statuere
1162 4163 1463 4232 exemplwn

336 4233 401 4286 in
444 4234 633 4303 aliquo
666 4235 978 4303 (aliquem),
1022 4232 1277 4304 dagegen
1315 4231 1463 4287 ‘Bei-

340 4303 481 4372 spiel
522 4305 762 4374 geben’x
814 4319 898 4359 ex.
946 4305 1099 4359 edere
1148 4305 1344 4373 (aare).
1392 4333 1460 4344 -—

1562 2250 1854 2319 Aperiat
1881 2249 2299 2305 oculoewieb.
2322 2255 2369 2305 5.
2391 2251 2684 2321 8.—-—di9-

1561 2336 1688 2376 nus
1713 2326 1836 2389 est,
1855 2321 2000 2392 jetzt
2017 2321 2164 2377 nach
2191 2321 2322 2377 dem
2339 2321 2521 2390 Tode;
2553 2338 2686 2377 man

1563 2393 1804 2448 beachte
1831 2393 1940 2448 den
1969 2393 2286 2464 Gegensatz
2309 2395 2410 2448 illo
2439 2437 2450 2450 .
2484 2435 2496 2448 .
2528 2437 2538 2448 .
2570 2395 2682 2448 hoc.

1635 2495 1720 2545 38.
1768 2491 2177 2560 persolvisti
2229 2491 2362 2546 tibi
2403 2491 2510 2545 wie
2559 2507 2688 2560 per-

1562 2561 1764 2616 solvere
1809 2578 1925 2628 aes,
1972 2563 2212 2617 debitum
2259 2563 2450 2617 alicui.
2525 2561 2684 2617 Sinn:

1564 2630 1642 2685 du
1676 2632 1808 2688 hast
1841 2631 1973 2687 dich
2014 2633 2077 2702 je.
2113 2632 2280 2686 daffir
2321 2633 2547 2688 bezahlt
2591 2651 2685 2702 ge·

1563 2702 1760 2757 macht
1802 2702 1980 2757 durch
2018 2703 2127 2758 den
2171 2704 2540 2773 gestohlenen
2567 2703 2688 2758 ‘Ko-

1562 2772 1875 2842 nigsthron.

1636 2867 1719 2916 39.
1767 2876 2104 2929 usurpare
2135 2861 2210 2917 ·d.
2263 2863 2318 2917 h.
2377 2879 2437 2917 er
2490 2864 2688 2920 ffihre

1565 2930 1674 2987 den
1725 2931 1891 2986 Titel.
1969 2929 2102 3003 Vgl.
2157 2947 2431 3002 uswjpare
2483 2935 2574 2988 ius
2620 2960 2688 2980 ===

1565 3003 1688 3057 iure
1731 3005 1819 3058 uti
1863 3008 1914 3059 3.
1955 3007 2040 3057 12.
2094 3009 2160 3057 16
2209 3020 2262 3060 u.
2302 3009 2351 3058 ὃ.
2393 3033 2460 3042 -
2497 3005 2595 3073 qui
2637 3007 2691 3060 si

1568 3098 1636 3120 ==
1665 3090 1796 3128 nam
1832 3075 1884 3128 si
1919 3075 2050 3142 ipse.
2116 3073 2190 3128 So
2226 3074 2370 3128 auch
2406 3074 2499 3128 bei
2537 3073 2689 3129 Clas-

1567 3143 1758 3199 sikem
1808 3143 1970 3199 nicht
2033 3144 2211 3198 selten
2275 3146 2373 3215 qui
2425 3143 2532 3200 mit
2585 3145 2688 3200 Be-

1567 3215 1808 3286 ziehung
1857 3213 1959 3269 auf
2007 3214 2098 3273 die
2155 3216 2500 3285 sprechende
2557 3215 2690 3272 oder

1569 3287 1906 3356 angeredete
1944 3285 2172 3341 Person.

1637 3390 1724 3439 40.
1789 3383 2144 3440 Oxathren.
2236 3384 2422 3438 Ueber
2483 3384 2584 3438 ihu
2645 3402 2687 3438 s.

1567 3455 1714 3510 oben
1739 3461 1790 3511 6.
1819 3460 1869 3511 2.
1901 3461 1951 3511 9.
1973 3485 2042 3496 -·
2069 3456 2410 3510 mutilatis
2436 3495 2450 3508 .
2481 3495 2495 3507 .
2525 3495 2538 3506 .
2567 3471 2688 3510 na-

1567 3526 1900 3595 ribusque.
1975 3525 2138 3581 Auoh
2174 3526 2377 3580 Arrian
2411 3525 2692 3581 berichtet

1566 3613 1680 3652 von
1724 3597 1910 3652 dieser
1953 3597 2080 3651 dem
2130 3597 2371 3666 Vollzug
2423 3596 2521 3650 des
2561 3613 2689 3664 sup-

1557 3667 1798 3736 plicium
1848 3667 2348 3756 verborgehenden
2399 3667 2690 3722 Veretum-

1567 3738 1799 3808 melung
1811 3737 2132 3808 (αἰκισμος).
2147 3769 2212 3779 -
2229 3740 2261 3794 b
2273 3755 2350 3792 ar
2360 3739 2392 3792 b
2402 3739 2537 3803 ari,
2567 3738 2689 3793 also

1569 3807 1726 3864 scine
1751 3809 1957 3879 eignen
1975 3809 2330 3866 Landsleute.
2387 3808 2504 3862 Das
2519 3808 2690 3862 Fem-

1567 3879 1767 3935 halten
1801 3881 1900 3936 der
1928 3880 2114 3950 Vegel
2147 3879 2288 3934 wird
2325 3879 2689 3948 angeordnet,

1571 3950 1753 4006 demit
1794 3951 1956 4006 nicht
1998 3951 2152 4006 dieue
2205 3949 2322 4004 und
2375 3949 2554 4003 durch
2609 3950 2690 4004 sie

1569 4024 1737 4078 unter
1790 4020 2139 4078 Umstanden
2201 4020 2348 4076 auch
2404 4019 2690 4075 Personen

1570 4093 1688 4147 und
1703 4091 2150 4148 Oertlichkeiten
2176 4090 2420 4146 unrein
2446 4091 2689 4146 werden.

1569 4163 1788 4220 Unklar
1819 4163 2026 4231 bleibt,
2064 4179 2179 4218 was
2208 4159 2558 4217 schliesslich
2585 4161 2692 4218 mit

1571 4233 1672 4288 der
1707 4233 1912 4290 Leiche
1989 4234 2267 4289 eschehen
2302 4233 2492 4297 sollt03
2543 4233 2691 4288 nach

1570 4304 1784 4360 Diodor
1817 4323 1938 4360 wm-
1979 4321 2010 4360 e
2047 4304 2129 4360 sie
2165 4303 2521 4360 zerntflekelt.
