3069 4749
398 83 485 147 56
1305 84 1369 149 Q.
1408 82 1629 139 CURTI
1663 82 1837 138 RUFI

396 245 463 311 Is
519 246 689 329 apud
752 249 820 310 te
883 244 1033 329 fuit,
1096 244 1277 311 cuius
1333 248 1401 309 et
1454 244 1740 329 gratiam
1807 248 2106 329 expetere
2163 248 2230 311 et
2291 246 2458 311 iram
2518 247 2759 314 timere

290 352 363 401 29
397 356 754 419 possemus,
852 332 959 398 An
1011 355 1145 399 non
1197 334 1664 418 propemodum
1717 335 1788 399 in
1839 338 1956 399 tua
1998 335 2199 400 verba
2251 334 2352 400 tui
2407 356 2630 401 omnes
2686 341 2757 402 te

396 426 750 508 praeeunte
786 422 1170 505 iuravimus,
1217 422 1475 487 eosdem
1508 444 1633 489 nos
1667 422 1968 489 inimicos
2006 421 2376 509 amicosque
2412 423 2755 492 habituros

402 533 570 595 esse,
634 533 797 596 quos
860 514 935 576 tu
996 510 1316 577 haberes?
1425 510 1572 575 Hoc
1637 516 2046 578 sacramento
2119 511 2387 595 pietatis
2456 514 2754 579 obstricti

292 620 363 669 30
401 621 851 668 aversaremur
906 600 1185 684 scilicet,
1248 620 1441 685 quem
1504 604 1579 665 tu
1639 600 1942 665 omnibus
2003 600 2438 685 praeferebas!
2521 600 2759 687 Igitur,

401 689 459 755 si
501 689 626 755 hoc
680 690 927 754 crimen
980 693 1109 773 est,
1161 710 1401 773 paucos
1456 688 1829 755 innocentes
1885 689 2117 773 habeS,
2169 690 2398 773 immo,
2442 690 2759 775 hercules,

398 778 743 850 neminem.
846 776 1085 843 Omnes
1153 778 1326 841 enim
1384 776 1683 843 Philotae
1747 778 1938 843 amici
2003 800 2146 843 esse
2207 779 2576 862 voluerunt,
2641 781 2755 845 sed

399 867 702 951 totidem,
748 869 907 951 quot
952 866 1261 931 volebant
1307 887 1475 949 esse,
1520 887 1655 932 non
1698 870 2023 951 poterant.
2112 866 2242 951 Ita,
2293 866 2351 932 si
2397 889 2438 931 a
2479 869 2754 935 consciis

402 956 649 1021 amicos
690 977 827 1020 non
872 954 1138 1038 dividis,
1182 976 1265 1019 ne
1312 956 1395 1021 ab
1443 955 1672 1021 amicis
1721 955 1978 1039 quidem
2027 956 2362 1039 separabis
2409 956 2587 1040 illos,
2643 958 2757 1041 qui

294 1067 363 1115 31
402 1044 577 1110 idem
622 1066 764 1109 esse
820 1044 1183 1109 voluerunt.
1274 1042 1461 1120 Quod
1510 1044 1718 1129 igitur
1763 1044 2196 1109 conscientiae
2251 1043 2542 1110 adfertur
2590 1044 2759 1111 indi-

404 1132 623 1198 cium?
718 1130 812 1197 Ut
876 1133 1132 1217 opinor,
1196 1133 1351 1217 quia
1412 1133 1619 1217 pridie
1682 1132 2094 1197 familiariter
2155 1136 2223 1197 et
2285 1132 2426 1199 sine
2489 1134 2754 1200 arbitris

402 1222 657 1287 locutus
706 1224 807 1285 est
848 1220 1213 1286 nobiscum!
1304 1222 1397 1285 At
1442 1241 1566 1304 ego
1612 1241 1892 1305 purgare
1936 1242 2072 1286 non
2115 1241 2402 1303 possem,
2449 1221 2760 1306 si.pridie

406 1310 752 1395 quiequam
800 1331 879 1374 ex
924 1312 1138 1375 vetere
1194 1309 1332 1375 vita
1388 1332 1464 1375 ae
1518 1330 1700 1375 more
1745 1313 2116 1375 mutassem.
2205 1307 2269 1373 N
2271 1331 2396 1375 unc
2441 1332 2624 1392 vero,
2683 1312 2758 1396 si,

403 1402 481 1465 ut
536 1398 836 1463 omnibus
892 1398 1145 1482 diebus,
1202 1398 1319 1463 illo
1375 1420 1654 1483 quoque,
1719 1398 1830 1482 qui
1884 1401 2225 1481 suspectus
2283 1402 2409 1479 est,
2470 1398 2760 1483 fecimus,

296 1510 367 1559 32
407 1486 803 1553 consuetudo
850 1486 1055 1553 diluet
1101 1486 1359 1553 crimen.
1452 1484 1579 1551 Sed
1625 1506 1821 1571 equos
1871 1484 2234 1568 Antiphani
2287 1507 2420 1553 non
2469 1487 2758 1552 dedimus
2778 1484 2826 1549 5

408 1578 476 1641 et
527 1576 763 1660 pridie,
817 1598 1011 1660 quam
1064 1574 1359 1641 Philotas
1413 1575 1706 1641 detectus
1763 1579 1888 1659 est,
1946 1574 2106 1641 haec
2157 1574 2324 1642 mihi
2379 1596 2526 1641 cum
2571 1576 2759 1641 Anti-

404 1664 621 1749 phane
675 1686 781 1729 res
838 1664 1005 1731 erat!
1071 1664 1182 1748 qui
1236 1665 1293 1730 si
1346 1684 1469 1729 nos
1522 1666 1864 1748 suspectos
1917 1663 2132 1728 faeere
2187 1663 2354 1743 vult,
2418 1664 2592 1748 quod
2644 1664 2760 1730 illo

410 1753 511 1819 die
558 1774 759 1837 equos
803 1775 939 1819 non
986 1752 1377 1835 dederimus,
1422 1751 1874 1835 semetipsum,
1922 1752 2096 1836 quod
2131 1772 2242 1817 eos
2280 1751 2768 1837 desideraverit,

299 1866 370 1915 33
408 1862 689 1927 purgare
734 1864 870 1907 non
924 1841 1185 1925 poterit.
1276 1841 1536 1925 Anceps
1585 1842 1758 1915 enim
1805 1840 2055 1905 crimen
2099 1844 2202 1907 est
2254 1841 2430 1905 inter
2481 1841 2760 1907 retinen-

406 1936 544 1996 tem
592 1934 659 1995 et
705 1930 1103 2015 exigentem:
1146 1930 1279 1995 nisi
1322 1930 1493 2015 quod
1541 1930 1773 1995 melior
1819 1932 1920 1995 est
1965 1951 2163 1995 causa
2217 1950 2404 1995 suum
2449 1952 2584 1997 non
2627 1935 2763 1995 tra-

300 2043 371 2093 34
408 2019 621 2085 dentis
675 2041 870 2104 quam
923 2019 1253 2103 poscentis
1308 2020 1611 2085 alienum.
1703 2016 2036 2101 Ceterum,
2088 2039 2228 2101 rex,
2283 2039 2482 2103 equos
2537 2018 2760 2083 decem

407 2108 635 2173 habui:
712 2130 747 2173 e
810 2108 1046 2193 quibus
1110 2107 1521 2193 Antiphanes
1587 2110 1732 2173 octo
1797 2106 1930 2171 iam
1994 2105 2414 2177 distribuerat
2473 2107 2581 2191 ii,
2649 2108 2761 2191 qui

407 2266 507 2319 der
554 2264 821 2319 stehende
858 2263 1155 2319 Ausdruck
1198 2262 1277 2317 im
1322 2264 1529 2334 alltag-

406 2336 594 2392 lichen
631 2335 821 2391 Leben
857 2350 1113 2405 gewesen
1148 2351 1217 2389 zu
1252 2334 1386 2391 sein.

479 2412 566 2462 29.
604 2411 663 2460 te
690 2411 1061 2476 praeeunte
1092 2405 1340 2461 namlich
1368 2405 1534 2461 verba

410 2478 767 2544 sacramenti,
822 2477 875 2532 d.
922 2477 959 2531 i.
1017 2477 1117 2532 des
1162 2477 1532 2533 Fahneneids.

410 2548 639 2604 Sowohl
667 2549 890 2617 praeire
914 2553 1317 2603 sacramentum
1326 2588 1345 2614 ,
1370 2548 1536 2603 verba

1639 2279 1762 2318 cam
1796 2263 2081 2328 fecerimus
2087 2284 2111 2332 ,·
2153 2279 2216 2317 es
2257 2262 2336 2317 ist
2369 2263 2529 2318 nicht
2571 2264 2767 2319 blosse

1638 2333 2008 2405 Hypothesis‚
2062 2334 2304 2418 sondern
2355 2334 2584 2418 weitere
2628 2335 2760 2390 Fol-

1682 2421 1901 2560 212503..
1923 2405 2304 2558 {assas
2339 2405 2762 2548 seura.-

1641 2549 1760 2602 dem
1805 2546 2067 2602 memhch
2109 2547 2617 2617 gleichbedeutend
2656 2549 2767 2603 mit

406 2620 739 2675 sacramenti
785 2619 915 2689 (den
958 2618 1083 2672 Eid
1128 2619 1534 2685 abnehmen)

410 2691 495 2746 als
522 2692 711 2746 iurare
737 2690 802 2746 in
827 2691 994 2746 verba
1014 2691 1256 2746 alicuius
1284 2689 1531 2758 (einern

411 2761 613 2818 einen
648 2759 773 2816 Eid
809 2761 1092 2830 leisten)
1140 2776 1327 2816 waren
1371 2761 1530 2816 tech-

410 2833 604 2888 nische
617 2830 959 2888 Ausdrticke.
972 2863 1040 2872 --
1050 2849 1128 2886 av
1140 2849 1205 2888 er
1216 2848 1242 2886 s
1252 2848 1327 2886 ar
1337 2848 1531 2886 emur.

410 2903 525 2960 Der
550 2903 749 2958 Modus
776 2903 881 2960 wie
910 2910 959 2960 6.
988 2909 1041 2958 9.
1073 2909 1139 2958 10
1174 2904 1275 2958 iste
1306 2917 1533 2958 commo-

410 2979 640 3032 veretur.

483 3053 570 3102 30.
624 3047 738 3101 sed
792 3045 1083 3100 totidem.
1174 3042 1537 3099 Natfirlicher

411 3121 560 3172 ware
589 3117 681 3170 ein
706 3115 1025 3171 Nebensatz
1052 3114 1159 3170 mit
1184 3117 1311 3182 etsi,
1346 3131 1533 3184 quam-

412 3204 592 3260 quam.
632 3215 699 3227 —-
737 3189 839 3244 ita
883 3185 1156 3242 ‘somit’
1205 3185 1313 3240 wie
1360 3193 1407 3241 6.
1452 3191 1533 3240 10.

413 3264 448 3313 9
504 3275 557 3316 u.
614 3263 665 3313 ὃ.
756 3257 871 3314 Das
926 3257 1199 3312 Futurum
1254 3257 1538 3326 separabis

414 3327 621 3383 dn‘ickt
664 3328 755 3382 die
792 3328 1008 3384 sichere
1044 3327 1379 3398 Erwartung
1416 3343 1536 3394 aus,

414 3401 544 3454 dass
580 3397 739 3454 Alex.
779 3415 843 3454 so
890 3398 1255 3454 entecheiden
1288 3397 1538 3470 werde,

414 3470 545 3526 weil
590 3475 830 3526 musse.
903 3470 1021 3524 Das
1059 3468 1246 3524 Ganze
1290 3469 1367 3524 ist
1412 3468 1538 3524 eine

414 3541 667 3600 deductio
720 3542 797 3596 ad
851 3541 1166 3596 absurdum.
1218 3570 1287 3583 --
1342 3541 1509 3596 idem
1518 3579 1538 3606 ,

413 3615 594 3668 neutr.
654 3610 795 3682 sing.
889 3611 1016 3682 Vgl.
1073 3610 1216 3665 Plin.
1281 3629 1409 3680 pan.
1467 3617 1534 3666 83

414 3686 557 3740 idem
594 3685 747 3752 estis,
783 3683 928 3752 quod
962 3683 1167 3750 fuistis.

488 3761 575 3812 31.
614 3755 784 3826 quod
818 3755 1055 3824 iqitar.
1109 3753 1299 3824 Iqitur
1332 3751 1409 3807 ist
1442 3751 1538 3806 be-

416 3825 681 3896 reehtigt‚
695 3825 944 3881 insofern
962 3825 1060 3880 der
1080 3823 1539 3894 vorhergehende

418 3899 549 3954 Satz
594 3898 703 3952 den
750 3895 889 3952 Sinn
936 3897 1061 3952 hat:
1116 3895 1419 3952 absurdum
1462 3900 1541 3949 est

416 3985 533 4024 non
577 3968 818 4026 dividere
862 3969 1067 4023 amicos
1103 3985 1142 4022 a
1186 3966 1431 4022 consciis.
1472 3995 1539 4005 —

413 4041 673 4110 pridie,
721 4043 957 4108 erganze
1004 4054 1169 4108 qaam
1212 4038 1542 4106 detegeretur

423 4111 677 4168 Philotae
728 4110 902 4164 scelus
956 4111 1009 4177 (ξ
1071 4111 1179 4176 13).
1237 4137 1307 4148 —-
1358 4123 1541 4162 nanc

418 4197 569 4236 vero
614 4180 720 4236 wie
766 4197 917 4236 nwnc
960 4186 1011 4234 3.
1048 4185 1101 4236 4.
1140 4183 1187 4234 5.
1230 4207 1301 4218 —-
1336 4179 1398 4232 si
1441 4177 1538 4244 fe-

418 4253 631 4310 cimus
656 4250 731 4306 ist
746 4251 875 4306 dem
904 4249 1072 4306 Sinne
1090 4247 1239 4304 nach
1258 4247 1433 4304 soviel
1452 4247 1538 4304 als

1641 2634 1794 2688 quia.

1709 2695 1797 2744 32.
1844 2691 2146 2744 detectas
2187 2688 2622 2758 ungewfihnlich
2671 2690 2768 2744 ffir

1640 2761 2016 2830 deprehensus.
2107 2758 2214 2814 Die
2276 2760 2554 2828 gewohnl.
2619 2758 2765 2815 Con·

1641 2830 1911 2888 struction
1959 2831 2114 2886 steht
2156 2835 2188 2896 5
2236 2836 2302 2886 13
2348 2848 2512 2901 quam
2561 2831 2768 2900 ἀπερε-

1639 2907 1792 2958 retur
1852 2901 2108 2956 Philotae
2159 2901 2349 2958 scelus.
2435 2901 2560 2971 Vgl.
2618 2901 2764 2956 oben

1641 2979 1672 3038 ξ
1720 2980 1752 3028 6
1808 2972 2037 3029 delatus.
2120 2971 2495 3042 Umgekehrt=
2542 2987 2764 3042 conpre-

1641 3045 1902 3098 henditur
1938 3043 2272 3098 adulterium
2299 3042 2412 3098 cic.
2441 3061 2496 3114 p.
2525 3043 2644 3099 Mil.
2675 3050 2764 3098 73.

1713 3121 1800 3170 33.
1838 3130 2082 3184 anceps
2132 3115 2382 3170 crimen
2428 3117 2534 3170 etc.
2599 3113 2766 3170 Sinn:

1642 3203 1806 3240 wenn
1851 3183 2039 3239 einer
2081 3184 2321 3254 fordert,
2367 3183 2466 3240 der
2513 3185 2768 3240 andere

1644 3255 1766 3311 sich
1811 3255 2046 3328 weigert
2088 3255 2187 3311 der
2221 3255 2546 3326 Forderung
2589 3253 2764 3310 nach-

1645 3327 1994 3394 zukommen‚
2023 3343 2085 3382 so
2111 3327 2189 3382 int
2217 3343 2274 3381 es
2294 3343 2406 3382 von
2429 3326 2767 3382 vornherein

1645 3397 2011 3468 zweifelhaft‚
2065 3398 2169 3452 auf
2207 3414 2420 3453 wessen
2465 3395 2616 3452 Seite
2671 3397 2766 3450 die

1647 3469 1858 3524 Schuld.
1891 3469 1981 3524 ist.
2043 3468 2174 3538 Vgl.
2203 3485 2402 3538 anceps
2437 3471 2769 3534 coniectura,

1644 3541 1890 3610 quaestio
1951 3546 2000 3594 6.
2060 3545 2142 3595 11.
2198 3544 2292 3606 213
2358 3544 2443 3594 40.
2501 3569 2571 3580 -
2624 3539 2772 3593 nisi

1645 3628 1728 3681 qu
1739 3613 1818 3666 od
1847 3610 1990 3665 ohne
2009 3607 2464 3678 voraufgehende
2481 3608 2768 3680 Negation

1647 3707 1714 3728 ε
1739 3681 1891 3736 ‘nur
1913 3682 2093 3750 dass,
2123 3678 2204 3735 ab
2263 3681 2518 3735 esehen
2545 3681 2770 3736 davon

1647 3752 1836 3806 dass’
1899 3745 2015 3823 [ὅτι
2069 3748 2171 3822 μή]
2269 3751 2416 3806 aben
2467 3749 2776 3806 vereinzelt

1647 3823 1792 3878 auch
1839 3821 2034 3878 Cicero
2081 3825 2146 3890 (z.
2195 3821 2254 3877 B.
2305 3823 2446 3878 orat.
2494 3827 2589 3888 833
2639 3838 2770 3890 epp.

1649 3900 1735 3949 13.
1785 3901 1834 3950 1.
1883 3895 1936 3961 2)
1983 3911 2035 3950 u.
2081 3892 2272 3948 Livius
2319 3897 2382 3960 (z.
2429 3892 2491 3948 B.
2542 3897 2626 3948 28.
2678 3899 2769 3947 46.

1652 3967 1757 4034 15).
1788 3995 1857 4004 —
1883 3964 2142 4031 melior,
2177 3963 2426 4018 namlich
2463 3981 2576 4020 von
2608 3979 2772 4018 vom-

1648 4035 1868 4104 hersin,
1905 4052 1980 4090 an
2015 4035 2154 4092 sich.

1719 4113 1804 4163 34.
1830 4112 2142 4172 ceterum,
2171 4105 2524 4162 abbrechend
2547 4131 2616 4150 ==
2638 4103 2772 4160 ‘wie

1647 4178 1776 4232 dem
1821 4179 1970 4234 auch
2015 4177 2138 4244 sei'‚
2183 4177 2296 4244 vgl.
2345 4183 2396 4233 6.
2446 4183 2528 4231 11.
2573 4182 2658 4231 22.
2699 4205 2770 4216 --

1644 4247 1882 4317 habui,
1913 4265 2016 4307 vor
2049 4248 2180 4303 dem
2215 4248 2568 4314 distribuet-Q
2606 4247 2776 4302 habe-
