3069 4749
325 1618 389 1667 13
428 1607 663 1668 vasset.

371 95 380 100 ’
432 111 560 174 188

1338 111 1400 177 Q.
1443 109 1667 165 CURTI
1703 107 1873 166 RUFI

427 271 848 338 Macedoniae
893 272 1195 337 columen
1241 295 1318 338 ac
1364 272 1541 338 sidus
1587 273 1963 338 diuturnum
2016 272 2155 338 fore
2204 273 2500 357 polliceri
2545 279 2792 359 potest,

427 383 574 426 cum
619 365 752 426 tam
802 360 989 425 avide
1035 360 1401 426 manifestis
1447 361 1755 445 periculis
1801 363 2035 426 offeras
2082 383 2314 444 corpus
2322 411 2340 444 ,
2394 363 2638 429 oblitus
2684 370 2793 430 tot

357 463 389 512 9
427 449 669 515 civium
715 449 966 514 animas
1011 450 1270 514 trahere
1316 457 1381 514 te
1427 450 1498 513 in
1538 450 1805 516 casum?
1880 449 2039 526 Quis
2078 452 2251 516 enim
2296 452 2420 516 tibi
2458 457 2791 536 superstes

427 542 542 603 aut
588 542 777 623 optat
833 560 974 604 esse
1033 541 1146 603 aut
1199 539 1463 623 potest?
1554 537 1658 604 Eo
1712 539 2126 622 pervenimus
2182 540 2543 623 auspicium
2590 546 2790 626 atque

427 626 772 711 imperium
829 628 1034 692 secuti
1087 631 1304 712 tuum,
1357 627 1527 692 unde
1580 628 1710 692 nisi
1764 631 1831 692 tc
1882 627 2115 693 reduce
2168 628 2337 693 nulli
2383 629 2464 694 ad
2517 633 2793 713 penates

325 732 390 781 10
427 737 580 780 suos
643 715 770 781 iter
821 720 942 781 est.
1042 716 1283 793 Quodsi
1350 715 1561 782 adhuc
1623 716 1701 782 de
1760 715 2045 782 Persidis
2108 737 2312 801 regno
2370 739 2516 782 cum
2570 717 2789 786 Dareo

429 804 804 889 dimicares,
849 804 975 870 etsi
1012 826 1203 871 nemo
1241 806 1466 889 vellet,
1511 809 1737 870 tamen
1770 827 1854 870 ne
1892 805 2203 870 admirari
2240 806 2501 889 quidem
2545 813 2793 891 posset,

427 898 566 956 tam
619 897 959 976 promptae
1005 915 1148 958 esse
1202 897 1270 959 te
1317 893 1399 958 ad
1447 916 1639 960 omne
1694 895 2046 960 discrimen
2090 894 2420 960 audaciae:
2472 917 2624 960 nam
2670 899 2788 962 ubi

427 982 613 1064 paria
661 985 812 1046 sunt
855 982 1216 1065 periculum
1265 1004 1338 1047 ac
1382 983 1777 1066 praemium,
1824 987 1890 1048 et
1926 983 2221 1048 secundis
2268 984 2463 1048 rebus
2507 986 2793 1068 amplior

323 1086 385 1133 11
427 1069 678 1134 fructus
725 1074 826 1135 est
871 1074 938 1135 et
985 1070 1270 1136 adversis
1319 1071 1635 1136 solacium
1682 1072 1921 1138 maius:
1980 1075 2094 1136 tuo
2139 1093 2295 1136 vero
2344 1073 2555 1156 capite
2601 1074 2789 1158 igno-

428 1159 624 1223 bilem
671 1159 884 1224 vicum
933 1159 1088 1240 emi,
1147 1160 1292 1244 quis
1348 1160 1517 1226 ferat
1558 1181 1694 1226 non
1748 1165 2007 1226 tuorum
2064 1160 2258 1225 modo
2306 1161 2619 1245 militum,
2672 1165 2789 1228 sed

428 1247 630 1311 ullius
687 1247 900 1334 gentis
957 1247 1276 1313 barbarae
1331 1249 1518 1333 civis,
1584 1251 1695 1333 qui
1748 1256 1933 1317 tuam
1993 1249 2506 1335 magnitudinem
2560 1252 2791 1317 novit?

329 1351 391 1399 12
430 1335 704 1400 Horret
740 1336 996 1402 animus
1062 1337 1532 1422 cogitationem
1595 1340 1718 1423 rei,
1782 1359 1977 1423 quam
2031 1339 2228 1423 paulo
2286 1342 2435 1403 ante
2490 1339 2793 1406 vidimus.

431 1423 673 1508 Eloqui
717 1426 946 1508 time0,
990 1426 1218 1491 invicti
1264 1427 1559 1510 corporis
1597 1428 1809 1511 spolia
1844 1426 2277 1493 inertissimas
2314 1449 2543 1492 manus
2587 1427 2793 1494 fuisse

429 1512 813 1596 infecturas‚
865 1514 997 1579 nisi
1050 1518 1116 1580 te
1161 1515 1597 1598 interceptum
1641 1517 2009 1582 misericors
2068 1517 2141 1580 in
2180 1537 2305 1580 nos
2350 1515 2615 1582 fortuna
2660 1539 2792 1582 ser-

762 1601 1065 1670 Totidem
1095 1604 1515 1696 proditores,
1573 1604 1851 1669 totidem
1905 1605 2269 1670 desertores
2328 1627 2577 1688 sumus,
2633 1611 2797 1691 quot

427 1695 496 1755 te
539 1713 673 1757 non
716 1690 1050 1774 potuimus
1095 1694 1417 1777 persequi.
1509 1691 1866 1758 Universos
1924 1693 2080 1758 licet
2134 1692 2380 1758 milites
2425 1694 2795 1778 ignominia

426 1784 648 1864 noteS,
692 1801 883 1845 nemo
930 1780 1258 1846 recusabit
1301 1781 1484 1846 luere
1530 1782 1625 1859 id,
1671 1783 1844 1866 quod
1883 1804 1966 1846 ne
2013 1781 2413 1866 admitteret,
2458 1786 2791 1866 praestare

427 1889 562 1932 non
623 1869 858 1952 potuit.
955 1867 1187 1934 Patere
1241 1891 1396 1952 nos,
1458 1891 1702 1955 quaeso
1713 1921 1730 1954 ,
1788 1871 1919 1935 alio
1975 1870 2169 1937 modo
2226 1892 2366 1936 esse
2430 1871 2593 1937 viles
2648 1872 2795 1937 tibi.

325 1973 393 2025 14
432 1956 848 2041 Quocumque
904 1955 1200 2042 iusseris,
1262 1958 1518 2025 ibimus.

1621 1958 1913 2026 Obscura
1976 1959 2264 2043 pericula
2327 1962 2395 2023 et
2461 1959 2794 2044 ignobiles

429 2065 686 2129 pugnas
724 2045 914 2110 nobis
953 2046 1383 2130 deposcimus:
1421 2047 1838 2132 temetipsum
1876 2048 1957 2113 ad
1986 2069 2063 2113 ea
2100 2069 2307 2130 serva,
2344 2070 2509 2132 quae
2542 2049 2792 2134 magni-

429 2133 724 2198 tudinem
789 2137 972 2200 tuam
1043 2135 1325 2220 capiunt.

1434 2134 1585 2203 Cito
1658 2137 1871 2220 gloria
1943 2136 2299 2202 obsolescit
2367 2138 2439 2200 in
2512 2137 2793 2202 sordidis

429 2221 734 2289 hostibus
781 2244 901 2288 nec
949 2224 1294 2309 quicquam
1341 2224 1675 2310 indignius
1724 2229 1824 2290 est
1866 2247 2066 2310 quam
2115 2226 2407 2290 consumi
2455 2247 2626 2310 eam,
2676 2225 2790 2291 ubi

501 2437 552 2489 8.
583 2432 880 2487 columen
916 2448 992 2488 ac
1026 2434 1244 2501 sidua,
1281 2434 1383 2489 das
1411 2438 1559 2489 crete

430 2502 596 2557 Wort
640 2503 880 2557 braucht
923 2504 1068 2557 auch
1113 2503 1226 2559 Cic.
1282 2505 1343 2559 in
1396 2505 1555 2561 bildl.

428 2572 788 2643 Bedeutung‚
845 2573 944 2629 das
997 2575 1194 2629 zweite
1249 2576 1400 2630 wohl
1453 2593 1559 2629 nur

431 2643 732 2698 classische
758 2644 994 2699 Dichter
1027 2663 1080 2700 u.
1108 2646 1557 2701 nachclassischc

427 2713 751 2783 Prosaiker‚
790 2713 982 2771 Cicero
1019 2716 1206 2771 daftir:
1250 2719 1446 2773 lumen.
1487 2747 1553 2757 —

430 2786 502 2839 in
538 2801 760 2840 casum
805 2786 911 2840 wie
959 2787 1024 2841 iu
1058 2790 1360 2856 perniciem
1404 2789 1557 2845 trahi

432 2861 480 2910 ὅ.
523 2862 604 2910 10.
648 2861 679 2910 9
724 2875 779 2911 u.
818 2857 1250 2928 vollsffindiger:
1292 2862 1357 2914 in
1400 2876 1557 2931 omne

429 2928 725 2982 discrimen
759 2930 1002 2985 comitem
1036 2930 1186 2985 trahi
1222 2936 1270 2985 8.
1309 2937 1359 2985 3.
1401 2936 1450 2985 1.

503 3004 551 3053 9.
590 3000 829 3055 reduce
866 3024 936 3047 ε-
971 3001 1280 3071 reducente,
1319 3020 1426 3055 nur
1461 3002 1557 3056 bei

429 3068 704 3125 Dichtern
739 3071 855 3125 und
891 3071 952 3126 in
987 3071 1087 3126 der
1124 3072 1555 3142 Sacralsprache

431 3157 520 3209 sc,
557 3158 602 3193 z.
632 3140 695 3197 Β.
733 3141 1022 3212 Juppiter,
1059 3142 1323 3199 Fortuna
1358 3146 1554 3199 redu-x.

429 3210 495 3265 In
549 3210 650 3265 der
704 3211 1132 3281 gewohnlichen
1179 3213 1426 3284 Sprache
1477 3214 1557 3269 ist

429 3283 606 3337 reduce
639 3282 1033 3353 passivisch
1071 3310 1140 3331 =
1175 3286 1446 3341 reduetus,

507 3359 590 3407 10.
627 3370 704 3407 ne
750 3353 1088 3409 admirari
1121 3358 1406 3425 quidem,
1447 3355 1555 3410 Ge-

428 3426 688 3493 gensatz:
744 3425 944 3480 nedum
989 3427 1296 3496 indiynari.
1344 3458 1410 3467 —-
1458 3444 1554 3483 se-

429 3494 674 3549 cundis
724 3496 936 3550 rebus
1029 3498 1392 3553 Uebersetze:
1453 3499 1553 3553 ‘im

427 3564 588 3619 Falle
626 3565 778 3621 eines
815 3566 1173 3636 glucklichen
1210 3568 1478 3640 Erfolgs'.

503 3642 587 3689 11.
669 3637 1027 3706 ignobilem
1107 3641 1358 3709 vicum,
1441 3640 1555 3695 An-

431 3706 692 3777 spielung
748 3706 848 3762 auf
899 3708 1000 3763 das
1055 3710 1263 3766 zuletzt
1307 3712 1555 3767 erzahlte

433 3778 756 3833 Abenteuer
789 3778 869 3833 im
897 3778 1100 3835 Gebiet
1134 3780 1234 3835 der
1265 3780 1480 3839 Maller.

506 3854 588 3904 12.
626 3849 850 3918 eloqui
884 3852 1110 3916 timec,
1147 3850 1252 3907 wie
1277 3858 1329 3905 4.
1361 3857 1442 3908 10.
1465 3860 1554 3908 27.

430 3949 498 3959 ·-
520 3920 938 3985 infecturas;
959 3922 1066 3988 inf.
1085 3921 1163 3975 ist
1181 3921 1327 3976 hier:
1355 3922 1554 3977 ‘durch

433 3990 766 4061 Bert‘ihrung
801 3992 1162 4047 entweihen'.
1228 3992 1338 4045 Zur
1373 3992 1555 4048 Sache

437 4077 479 4115 s·
519 4066 569 4114 5.
616 4067 703 4116 11.

505 4137 589 4187 13.
644 4146 776 4187 uon
820 4134 1169 4201 potuimus
1215 4134 1556 4203 persequi,

432 4200 666 4256 seltsam
683 4202 1076 4272 ausgedriickt.
1115 4202 1229 4257 Der
1245 4202 1375 4257 Satz
1397 4205 1559 4259 hatte

433 4272 583 4325 etwa
614 4272 808 4327 lauten
834 4278 1063 4343 mogon:
1101 4280 1231 4342 quot
1269 4280 1319 4329 te
1345 4277 1557 4345 (quam-

1666 2452 1831 2504 quam
1856 2452 1926 2491 ue
1945 2436 2231 2506 potuimus
2260 2436 2499 2505 quidem)
2522 2438 2797 2503 persecuti

1664 2522 1777 2561 non
1796 2523 1999 2562 sumus.
2038 2506 2153 2561 Das
2176 2522 2306 2561 uon
2323 2508 2633 2574 potuisse
2651 2506 2790 2561 wird

1666 2578 1937 2633 erlautert
1990 2578 2071 2633 im
2119 2577 2277 2647 Folg.
2328 2608 2393 2617 -
2432 2582 2792 2645 praestare

1665 2648 1968 2703 construirt
2036 2647 2145 2703 wie
2210 2663 2421 2714 cavere,
2484 2649 2789 2716 prohibere.

1662 2718 1738 2773 Es
1786 2720 2055 2776 bedentet
2092 2718 2408 2774 ‘einstehen
2441 2716 2535 2772 fur
2570 2720 2786 2775 etwas?

1665 2820 1733 2829 --
1778 2791 1946 2845 viles
1992 2788 2099 2845 wie
2144 2796 2175 2856 ἕ
2212 2796 2245 2846 6
2291 2790 2421 2844 vilis
2465 2814 2535 2835 =
2579 2791 2798 2845 nullius

1655 2862 1844 2928 pretii.
1912 2860 2074 2915 Sina:
2116 2860 2403 2931 vei-hange
2430 2859 2555 2915 eine
2582 2862 2791 2917 andere

1666 2930 1851 2985 Strafe
1895 2932 2035 2985 iiber
2078 2948 2211 2999 uns,
2266 2932 2424 3001 zeige
2475 2949 2579 2985 uns
2625 2930 2791 2987 deine

1664 3001 2028 3069 Verachtung
2063 3003 2220 3066 (viles
2266 3018 2369 3057 ‘noe
2412 3018 2523 3058 esee
2566 3002 2696 3071 tibi)
2730 3004 2791 3057 in

1663 3073 1898 3127 anderer
1950 3070 2169 3137 Weisc‚
2234 3072 2319 3126 als
2380 3072 2511 3127 dass
2565 3074 2643 3127 du
2698 3074 2791 3128 die

1662 3143 1833 3197 Hfilfe
1894 3141 1995 3195 der
2049 3140 2264 3195 Deinen
2320 3144 2786 3213 verschmahend‚

1662 3215 1814 3269 allen
1858 3212 2141 3268 Gefahren
2186 3210 2342 3265 dich
2394 3213 2614 3267 selbot
2661 3231 2793 3269 aus·

1670 3287 1851 3341 setzst.

1738 3362 1821 3410 14.
1870 3372 2035 3425 quae
2089 3372 2159 3409 m.
2203 3359 2241 3411 t.
2298 3354 2607 3424 capiunt,
2664 3355 2791 3411 eine

1665 3427 1795 3481 sehr
1840 3426 1981 3483 freie
2020 3426 2437 3482 Construktion.
2509 3425 2615 3480 Die
2651 3427 2788 3480 Auf-

1663 3497 1895 3567 fassung
1902 3499 1981 3553 ist
1993 3521 2006 3553 x
2017 3496 2791 3569 gewisseUnternehmungen

1664 3568 1791 3622 sind
1822 3588 1890 3623 zu
1926 3569 2121 3624 klein
2156 3569 2247 3623 fur
2274 3568 2437 3623 deine
2464 3565 2693 3635 Οτι-δεῦε,
2732 3583 2791 3623 es

1662 3640 1817 3693 kann
1862 3640 1983 3695 sich
2030 3639 2185 3693 diese
2229 3639 2290 3694 in
2336 3638 2641 3694 denselben
2687 3654 2790 3708 gar

1662 3710 1823 3764 nicht
1876 3710 2174 3781 geuugend
2230 3710 2519 3767 entfalten.
2602 3709 2789 3763 Aelan-

1661 3781 1781 3835 lich
1816 3786 1866 3837 5.
1906 3788 1955 3835 4.
1998 3786 2089 3847 123
2130 3786 2177 3835 6.
2221 3787 2268 3836 1.
2310 3787 2395 3836 17.
2434 3811 2501 3821 -—
2539 3781 2790 3836 obsole-

1660 3852 1806 3907 scit.
1897 3851 2028 3921 Vgl.
2086 3850 2206 3905 Liv.
2268 3858 2355 3906 21.
2424 3857 2507 3907 52.
2575 3857 2605 3904 7
2670 3851 2789 3905 alia

1661 3926 1924 3977 vetustate
1967 3922 2353 3977 obsoleverunt.
2391 3952 2463 3963 -
2496 3923 2573 3975 in
2614 3922 2785 3976 sord.

1663 3994 1857 4059 ἥσει,-
1902 3993 1966 4047 in
2002 4016 2070 4039 ε-
2112 3992 2488 4064 ‘gegenfiber,
2529 4008 2694 4046 wenn
2730 4008 2789 4045 es

1666 4064 1787 4118 sich
1859 4064 2098 4119 handelt
2166 4081 2262 4118 um
2317 4082 2372 4119 u.
2428 4080 2469 4118 s.
2525 4063 2616 4116 π’
2714 4061 2790 4116 So

1664 4134 1856 4203 haufig
1884 4135 2031 4189 auch
2068 4135 2164 4191 bei
2185 4134 2518 4191 Classikern.
2543 4164 2611 4175 --
2630 4148 2790 4188 con-

1664 4207 1848 4259 sumi.
1905 4205 2033 4276 Vgl.
2064 4208 2407 4263 coneumitur
2441 4206 2646 4260 anulus
2681 4219 2793 4259 usu

1664 4274 1757 4329 bei
1796 4276 1958 4332 ovid.
