3069 4749
430 188 517 251 52
1340 190 1403 257 Q.
1444 188 1667 246 CURTI
1703 191 1879 247 RUFI

424 348 601 415 haud
648 373 805 416 sane
851 355 1069 416 motus
1116 352 1409 437 satisque
1462 353 1776 436 prudens,
1833 353 1952 418 otii
1996 354 2158 419 vitia
2202 354 2473 439 negotio
2532 354 2790 441 discuti,

357 458 389 506 5
429 438 651 523 edicit,
704 444 780 504 ut
835 460 1059 503 omnes
1114 440 1186 505 in
1231 440 1554 506 vestibulo
1601 442 1821 525 regiae
1873 444 2134 526 praesto
2191 443 2343 508 sint.
2436 444 2612 521 Quos
2672 445 2787 510 ubi

426 526 799 612 frequentes
840 528 1066 593 adesse
1094 529 1419 614 cognovit,
1450 530 1521 593 in
1551 530 1918 595 contionem
1953 532 2290 613 processit.
2361 530 2554 597 Haud
2590 533 2786 599 dubie

426 637 502 680 ex
532 616 872 700 conposito
901 614 1249 682 Atharrias
1277 618 1608 702 postulare
1638 620 1878 702 coepit,
1913 623 1990 685 ut
2015 617 2372 703 Lyncestes
2400 620 2784 701 Alexander,

424 704 535 789 qui
589 707 797 770 multo
853 709 1005 771 ante
1061 728 1257 791 quam
1311 705 1606 772 Philotas
1661 728 1887 791 regem
1941 708 2256 773 voluisset
2300 709 2613 787 occidere,
2677 732 2782 775 ex-

354 811 387 859 6
424 792 772 859 biberetur.
864 792 925 857 A
970 793 1219 859 duobus
1275 794 1628 879 indicibus,
1694 797 1864 862 sieut
1917 818 2114 880 supra
2167 796 2473 881 diximuS,
2529 798 2782 864 delatus

422 882 691 947 tertium
754 882 889 948 iam
959 903 1201 948 annum
1260 884 1747 950 custodiebatur
1818 885 1891 949 in
1953 885 2251 950 vinculis
2352 884 2651 951 Eundem
2712 887 2784 951 in

425 968 715 1055 Philippi
762 991 1017 1055 quoque
1054 972 1315 1037 caedem
1352 973 1724 1039 coniurasse
1763 994 1908 1038 cum
1942 972 2271 1038 Pausania
2314 996 2433 1058 pro
2471 978 2780 1059 conperto

422 1058 577 1141 fuit,
623 1057 737 1125 sed
774 1059 926 1144 quia
959 1060 1209 1143 primus
1238 1060 1684 1129 Alexandrum
1721 1082 1945 1147 regem
1983 1062 2409 1146 salutaverat,
2455 1063 2778 1147 supplicio

355 1168 385 1217 ’1
425 1149 635 1232 magis
692 1169 889 1232 quam
945 1148 1200 1213 crimini
1252 1150 1468 1215 fuerat
1522 1154 1890 1234 exemptus:
1944 1155 2087 1215 tum
2139 1172 2396 1235 quoque
2441 1150 2781 1235 Antipatri

426 1237 636 1302 soceri
690 1236 829 1301 eius
886 1256 1111 1320 preces
1164 1238 1407 1303 iustam
1468 1240 1644 1324 regis
1708 1240 1876 1305 iram
1936 1238 2376 1304 morabantur.
2475 1237 2781 1307 Ceterum

424 1324 755 1391 recruduit
800 1329 1193 1409 suppuratus
1240 1326 1454 1391 dolor:
1515 1327 1756 1411 quippe
1799 1327 2039 1393 veteris
2083 1328 2353 1411 periculi
2397 1328 2780 1393 memoriam

355 1433 390 1483 8
427 1413 789 1499 praesentis
835 1434 991 1479 cura
1032 1414 1410 1480 renovabat.
1495 1414 1712 1500 Igitur
1754 1414 2126 1481 Alexander
2169 1438 2249 1481 ex
2294 1415 2588 1481 custodia
2633 1416 2781 1481 edu-

425 1504 595 1568 citur
639 1503 977 1587 iussusque
1025 1503 1264 1586 dicere,
1307 1524 1700 1588 quamquam
1744 1508 1889 1569 toto
1933 1504 2213 1569 triennio
2251 1504 2603 1569 meditatus
2641 1508 2782 1570 erat

424 1591 892 1675 defensionem,
946 1596 1167 1656 tamen
1211 1590 1546 1659 haesitans
1593 1596 1661 1657 et
1712 1593 2006 1677 trepidus
2059 1614 2270 1677 pauca
2315 1614 2393 1657 ex
2444 1593 2560 1677 iis,
2615 1615 2780 1679 quae

426 1683 891 1764 conposuerat,
938 1680 1238 1764 protulit,
1303 1680 1383 1745 ad
1445 1681 1749 1746 ultimum
1801 1703 1931 1747 non
1991 1680 2306 1747 memoria
2364 1682 2603 1764 solum,
2667 1682 2779 1746 sed

354 1789 387 1839 9
427 1770 626 1835 etiam
670 1789 854 1833 mens
898 1789 1047 1833 eum
1093 1768 1410 1836 destituit.
1478 1768 1669 1835 Nulli
1705 1774 1847 1835 erat
1885 1770 2179 1853 dubium,
2225 1770 2384 1853 quin
2426 1769 2778 1854 trepidatio

426 1857 855 1923 conscientiae
898 1857 1210 1923 indicium
1256 1862 1452 1937 esset,
1509 1880 1642 1924 non
1685 1858 2037 1925 memoriae
2082 1858 2335 1923 vitium.
2421 1857 2654 1942 Itaque
2700 1879 2778 1922 ex

422 1947 555 2031 his,
628 1945 742 2031 qui
814 1945 1098 2029 proximi
1172 1945 1591 2031 adstiterant,
1665 1948 2108 2013 obluctantem
2182 1946 2391 2011 adhuc
2465 1946 2778 2013 oblivioni

318 2054 388 2106 10
424 2036 665 2101 lanceis
711 2034 1155 2100 confoderunt.
1228 2032 1427 2101 Cuius
1470 2058 1738 2119 corpore
1784 2036 2006 2102 ablato
2051 2058 2165 2100 rex
2208 2033 2535 2100 introduci
2581 2035 2776 2099 iussit
2796 2038 2841 2103 2

425 2124 784 2209 Amyntam
829 2125 897 2187 et
942 2122 1311 2189 Simmiam:
1375 2146 1532 2189 nam
1577 2123 1920 2209 Polemon,
1970 2124 2276 2189 minimus
2321 2144 2400 2188 ex
2442 2120 2778 2207 fratribus,

496 2304 547 2353 4.
576 2297 878 2367 prudens
904 2295 1009 2349 mit
1036 2312 1153 2351 aco.
1182 2312 1227 2351 6.
1256 2295 1411 2352 infin.
1438 2297 1548 2352 wie

424 2370 743 2440 imprudens
788 2372 837 2422 8.
878 2372 929 2422 8.
966 2371 1018 2423 2.
1089 2365 1261 2422 Beide
1308 2366 1547 2422 Verbin-

424 2442 654 2509 dungen
706 2437 833 2492 sind
892 2437 1145 2506 poetisch
1207 2438 1322 2492 und
1373 2438 1546 2493 nach-

427 2509 711 2566 classiseh.
778 2540 845 2548 —
910 2508 1183 2564 discuti.
1277 2507 1419 2562 86111·
1480 2525 1549 2563 zu

420 2581 699 2638 beachten
734 2577 836 2646 ist,
884 2577 1014 2634 dass
1050 2579 1151 2634 der
1187 2577 1546 2650 Zeitgenosse

420 2653 521 2708 des
550 2651 629 2719 0.,
660 2650 873 2705 Seneca
904 2650 1053 2720 (epp.
1082 2655 1168 2706 66.
1196 2653 1272 2720 9),
1301 2650 1550 2707 dieselbe

422 2723 665 2780 Sentenz
679 2721 739 2776 in
766 2737 908 2792 ganz
930 2720 1225 2778 derselben
1241 2721 1408 2776 Form
1428 2722 1550 2780 hat.

1651 2298 1720 2353 de
1745 2298 1948 2367 aliquo.
2012 2296 2140 2366 Vgl.
2169 2297 2404 2352 detectus
2428 2298 2604 2351 unten
2629 2301 2662 2363 ὅ
2685 2302 2773 2353 82.

1655 2399 1723 2410 --
1770 2370 1844 2423 in
1891 2368 2207 2436 Philippi
2259 2369 2533 2424 eaedem.
2613 2368 2776 2424 Auch

1654 2438 1847 2494 Livius
1873 2439 2169 2494 verbindet
2189 2440 2483 2495 coniurare
2508 2439 2570 2494 in
2596 2440 2776 2495 dieser

1653 2508 1862 2567 Weise.
1891 2541 1960 2550 —
1987 2514 2339 2579 exemptus.
2408 2509 2533 2580 Vgl.
2573 2511 2693 2567 Liv.
2723 2515 2773 2564 8.

1653 2583 1743 2706 ᾗ.
1779 2587 1816 2635 4
1859 2581 2028 2636 eximi
2069 2597 2250 2636 noxae
2284 2599 2339 2636 u.
2377 2579 2523 2640 Einl.
2561 2587 2592 2648 6
2629 2587 2698 2637 28
2734 2581 2774 2638 f.

1744 2670 1819 2706 m.
1861 2658 1910 2706 1.

1729 2729 1778 2778 ⁷.
1831 2723 1992 2778 Tum
2045 2739 2314 2794 quoque.
2411 2723 2632 2794 Quoque
2680 2724 2776 2778 be-

492 2801 543 2850 5.
590 2791 993 2859 Atharrias,
1046 2810 1088 2846 6.
1143 2798 1192 2847 6.
1244 2798 1297 2848 8.
1343 2797 1429 2848 19.
1478 2823 1548 2832 -

420 2863 843 2930 Alexander,
880 2862 972 2918 ein
1004 2861 1412 2934 Abkommling
1448 2863 1548 2918 des

421 2937 549 2993 dem
625 2933 1093 2990 macedonischen
1155 2934 1548 3004 Konigshause

420 3007 569 3064 nahe
579 3003 1548 3076 verwandtenFarstengenohlechts

422 3081 521 3136 der
540 3078 641 3149 (im
658 3077 1029 3132 Nordwesten
1048 3093 1160 3132 von
1177 3076 1549 3132 Macedonien

422 3147 757 3218 sesshaften)
838 3147 1259 3218 Lyncestier.
1380 3147 1546 3202 Scine

421 3220 627 3276 beiden
678 3217 895 3274 Brfider
956 3234 1143 3274 waren
1206 3217 1292 3272 als
1356 3217 1547 3272 Theil-

420 3293 653 3347 nehmer
668 3305 745 3346 an
761 3289 889 3345 dem
908 3287 1347 3358 Mordanschlag
1362 3304 1547 3370 gegen

421 3361 653 3431 Philipp
707 3366 811 3416 336
857 3360 1037 3414 durch
1082 3360 1175 3415 die
1210 3359 1403 3415 Partel
1446 3358 1548 3416 der

424 3431 715 3502 Olympias
753 3430 1035 3486 emordet
1067 3430 1310 3485 worden.

494 3511 547 3560 6.
590 3519 829 3572 supra,
878 3500 1256 3557 vermuthlich
1300 3500 1381 3556 im
1425 3517 1547 3556 ver-

420 3575 580 3630 loren
608 3587 977 3644 gegangenen
999 3573 1233 3628 zweiten
1249 3570 1457 3627 Buche.
1477 3603 1547 3612 —

421 3647 697 3702 tertium
733 3645 865 3698 iam
901 3659 1165 3698 annum.
1222 3643 1335 3697 Zur
1366 3642 1547 3698 Sache

422 3717 533 3786 vgl.
574 3716 667 3770 die
702 3714 831 3769 dem
861 3713 1184 3769 Wortlaute
1216 3715 1367 3768 nach
1402 3729 1548 3784 ganz

422 3787 687 3844 ahnliche
708 3785 887 3842 Stelle
911 3789 961 3839 8.
984 3791 1032 3840 8.
1055 3791 1106 3841 6.
1161 3785 1323 3840 Nach
1341 3783 1546 3843 Ari-ian

421 3877 540 3915 war
576 3858 669 3914 die
695 3855 1051 3925 Verhaftung
1077 3861 1217 3910 4-5
1244 3855 1417 3910 Jahre
1443 3871 1546 3910 vor

423 3931 551 3985 dem
585 3927 819 3984 Process
856 3926 954 3981 des
985 3925 1259 3994 Philotas,
1294 3926 1546 3982 namlich

423 4007 553 4070 334,
590 4018 660 4054 zu
686 3996 941 4054 Phaselis
968 3997 1201 4068 erfolgt,
1237 3997 1383 4082 (19611
1418 3998 1548 4122 υἷι

422 4073 571 4128 auch
632 4069 868 4126 Diodort
940 4066 1130 4139 τριέτη
1202 4083 1406 4138 zoom
1513 4087 1548 4122 ν

424 4142 650 4214 φυλαῠιῇ
678 4137 1038 4210 πηρούμενος.
1069 4170 1137 4180 --
1166 4139 1457 4195 Delatus
1476 4163 1546 4184 =

425 4214 704 4282 μηνυθείς
723 4212 801 4266 ist
816 4210 1261 4278 nachclassisch;
1290 4210 1381 4266 die
1394 4208 1546 4266 Clas-

426 4283 577 4336 siker
602 4282 788 4338 haben
812 4301 920 4338 nur
945 4282 1038 4338 die
1058 4281 1315 4338 Phrasen
1339 4281 1550 4349 deferre

425 4368 645 4420 nomen,
680 4354 885 4410 crim
911 4354 1153 4410 alicuius
1186 4353 1302 4408 und
1329 4353 1548 4424 aliquid

1657 2793 1809 2850 zieht
1845 2794 1968 2850 sich
2001 2793 2150 2862 hier,
2197 2793 2304 2850 wie
2339 2795 2532 2864 haufig
2567 2794 2660 2849 bei
2696 2793 2775 2864 0.,

1657 2864 1760 2920 auf
1797 2865 1907 2920 den
1951 2881 2164 2936 ganzen
2211 2865 2361 2921 Satz.
2441 2863 2774 2920 Natflrliehe

1656 2936 2094 3006 Wortstellung:
2151 2935 2348 3007 Antip.
2401 2951 2610 3006 quoque
2652 2977 2665 2990 .
2708 2977 2722 2989 .
2760 2977 2773 2990 .

1655 3010 1772 3061 tum
1813 3009 2018 3061 iustam
2061 3008 2168 3061 eto.
2223 3027 2294 3048 ·-—
2349 3011 2776 3075 suppuratus

1654 3077 1848 3132 dolor
1873 3101 1944 3124 --ι
1985 3075 2100 3130 ‘die
2134 3076 2496 3130 forteiternde
2533 3076 2775 3146 [6136111.-

1651 3146 1794 3202 lichz
1874 3161 2004 3201 von
2076 3144 2268 3200 Eiter
2328 3147 2483 3213 (pus)
2542 3148 2774 3200 unter-

1651 3215 1972 3288 laufene]
2036 3214 2260 3270 Wunde
2323 3213 2504 3269 seines
2567 3214 2770 3268 Grolls.

1651 3288 1783 3357 Vgl.
1809 3303 2120 3359 suppurare
2148 3284 2414 3354 potuisset
2439 3285 2612 3338 unten
2638 3290 2690 3338 2.
2718 3289 2770 3340 9.

1652 3358 1815 3413 Auch
1847 3358 1948 3413 der
1971 3355 2150 3412 altere
2177 3354 2392 3410 Plinius
2417 3355 2534 3410 und
2561 3354 2776 3410 Seneca

1651 3429 1937 3486 brauchen
1980 3428 2160 3483 dieses
2204 3428 2362 3502 sonet
2414 3425 2595 3480 selben
2645 3441 2774 3481 vor-

1652 3500 1990 3555 kommende
2051 3497 2219 3552 Wort
2287 3497 2603 3567 mehrfach‚
2675 3496 2775 3553 der

1653 3570 1910 3626 Letztere
1973 3569 2248 3625 ebenfalls
2312 3569 2375 3623 in
2444 3567 2776 3624 bildlichem

1655 3640 1842 3696 8111116.
1897 3640 2121 3696 Andere
2145 3641 2302 3696 lesen
2327 3639 2436 3694 mit
2461 3637 2563 3694 der
2589 3638 2775 3694 Mehr·

1653 3711 1782 3767 zahl
1817 3712 1918 3766 der
1952 3711 2190 3766 Hdsch.=
2227 3715 2534 3780 soporatus.

1724 3789 1774 3838 8.
1811 3798 2014 3849 mene,
2051 3782 2471 3852 Besinnung,
2507 3781 2614 3837 wie
2643 3785 2695 3835 8.
2723 3786 2774 3835 6.

1659 3858 1728 3909 22
1766 3859 1991 3910 menum
2025 3853 2288 3922 colliyere.

1723 3930 1771 3980 9.
1817 3941 1896 3980 ex
1939 3925 2070 3992 his,
2113 3925 2230 3994 qui
2274 3925 2380 3979 etc.
2452 3923 2640 3979 Ueber
2684 3922 2778 3977 die

1656 3995 2050 4052 construction
2084 4014 2128 4051 s.
2157 3994 2304 4050 Einl.
2333 3999 2366 4062 ς
2391 4000 2458 4048 21
2489 3994 2540 4050 d.
2571 4023 2642 4036 -
2667 3994 2774 4049 ob·
2889 4025 2898 4032 ·

1654 4069 2044 4133 luctantem,
2093 4065 2332 4121 bildlich
2366 4064 2473 4122 wie
2511 4072 2561 4120 6.
2599 4072 2649 4120 6.
2688 4070 2774 4120 27.

1653 4138 1984 4264 gasiggrt
2023 4138 2102 4194 ist
2143 4135 2401 4207 poetisch
2445 4135 2562 4190 und
2603 4135 2776 4191 nach·

1728 4285 1808 4335 10.
1873 4279 2230 4351 Amyntam
2297 4281 2356 4332 et
2417 4276 2776 4333 Simmiam.

1654 4349 1838 4407 Ueber
1881 4349 2156 4418 Amyntas
2203 4366 2245 4404 6.
2295 4355 2345 4404 6.
2395 4354 2443 4404 ¹2.
2494 4353 2580 4406 15.
2661 4347 2778 4402 Der
