3069 4749
910 104 1416 160 HISTORIARUM
1452 103 1885 160 ALEXANDRI
1921 104 2044 174 VII,
2085 110 2132 159 1.
2609 103 2698 170 53

346 293 494 337 cum
538 268 853 334 Philotan
899 266 1191 353 torqueri
1236 266 1662 351 conperisset,
1709 266 2111 352 profugerat.
2199 265 2505 333 Omnium
2550 268 2696 333 Phi·
2740 287 2803 336 11

344 360 521 425 lotae
567 358 925 423 amicorum
980 355 1051 419 hi
1106 355 1429 421 carissimi
1484 356 1776 439 fuerant,
1836 355 1917 419 ad
1963 375 2206 441 magna
2260 359 2327 420 et
2381 356 2702 423 honorata

344 445 710 513 ministeria
754 444 932 509 illius
979 444 1257 510 maxime
1304 444 1770 529 suffragatione
1815 443 2141 528 producti:
2187 444 2700 531 memineratque

342 557 485 620 rex,
552 554 806 599 summo
872 533 1085 599 studio
1150 532 1233 598 ab
1298 552 1375 597 eo
1440 532 1824 598 conciliatos
1899 532 2042 597 sibi.

344 625 574 711 igitur,
609 622 803 687 huius
849 641 1105 706 quoquc
1149 622 1364 687 ultimi
1400 620 1659 687 consilii
1701 620 1906 687 fuisse
1948 620 2327 706 participes:
2375 623 2530 687 olim
2573 623 2700 688 sibi
2743 642 2806 691 ιι

2152 531 2218 599 N
2219 555 2292 599 ec
2357 534 2699 600 dubitabat

346 735 489 779 esse
544 714 881 796 suspectos
937 709 1167 776 matris
1222 731 1377 775 suae
1437 710 1707 790 litteris,
1769 710 2004 795 quibus
2072 714 2248 776 esset
2309 712 2701 796 admonitus,

344 806 425 867 ut
510 802 595 866 ab
676 800 781 865 his
866 800 1147 863 salutem
1228 820 1413 863 suam
1492 802 1820 865 tueretur.
1903 802 2186 865 ceterum
2271 821 2341 865 se
2421 801 2699 867 invitum

346 890 671 955 deteriora
722 888 1090 953 credentem
1152 909 1324 953 nunc
1386 886 1756 953 manifestis
1819 888 2074 953 indiciis
2126 888 2371 953 victum
2435 890 2699 955 iussisse

345 978 596 1045 vinciri.

684 976 859 1043 Nam
912 976 1150 1061 pridie,
1208 998 1405 1061 quam
1448 976 1864 1063 detegeretur
1909 975 2208 1042 Philotae
2253 978 2489 1061 scelus,
2543 980 2700 1063 quin
2740 999 2806 1049 13

346 1068 417 1133 in
462 1069 711 1133 secreto
758 1086 904 1131 cum
942 1086 1019 1130 eo
1064 1065 1369 1147 fuissent,
1414 1086 1548 1131 non
1593 1085 1786 1149 posse
1825 1064 2126 1131 dubitari.
2195 1064 2492 1132 Fratrem
2527 1088 2701 1150 vero,

348 1156 461 1241 qui
512 1154 905 1240 profugerit,
962 1174 1111 1218 cum
1164 1154 1245 1219 de
1289 1153 1555 1219 Philota
1609 1157 2053 1239 quaereretur,
2121 1155 2452 1239 aperuisse
2507 1154 2700 1241 fugae

350 1266 629 1310 causam.
728 1242 955 1327 Nuper
1008 1245 1270 1327 praeter
1330 1243 1865 1309 consuetudinem
1920 1242 2120 1309 officii
2183 1245 2396 1327 specie
2459 1245 2697 1311 amotis
2737 1265 2805 1314 14

347 1333 606 1419 longius
644 1332 877 1397 ceteris
916 1332 1279 1397 admovisse
1326 1331 1714 1415 semetipsos
1759 1331 1951 1396 lateri
1989 1353 2108 1397 suo
2149 1333 2330 1398 nulla
2373 1334 2704 1418 probabili

346 1444 569 1487 causa:
624 1440 820 1505 seque
873 1414 1248 1505 mirantem,
1312 1420 1484 1504 quod
1537 1441 1672 1485 non
1725 1420 1864 1485 vice
1919 1442 2038 1485 sua
2101 1422 2222 1485 tali
2275 1422 2702 1507 fungerentur

347 1511 593 1593 offic10,
666 1514 733 1573 et
795 1508 941 1592 ipsa
1010 1509 1445 1611 trepidatione
1509 1530 1732 1575 eorum
1804 1510 2222 1593 perterritum
2293 1514 2554 1576 strenue
2620 1512 2700 1575 ad

348 1599 735 1685 armigeros,
773 1598 884 1683 qui
918 1598 1211 1681 proxime
1248 1597 1714 1681 sequebantur,
1751 1598 2112 1663 recessisse.
2183 1598 2290 1663 Ad
2325 1599 2486 1665 haec
2523 1620 2696 1667 acce·
2739 1621 2805 1671 15

350 1686 527 1770 dere,
565 1686 764 1771 quod,
802 1706 948 1751 cum
986 1684 1425 1770 Antiphanes,
1472 1686 1689 1751 scriba
1726 1687 2046 1771 equitum,
2093 1688 2420 1772 Amyntae
2459 1689 2702 1755 denun-

346 1776 607 1859 tiasset,
650 1774 861 1877 pridie
906 1796 1099 1859 quam
1143 1774 1446 1841 Philotae
1492 1774 1706 1841 scelus
1750 1775 2221 1859 deprehensum
2257 1781 2458 1861 esset,
2503 1781 2579 1843 ut
2621 1800 2702 1842 ex

346 1865 480 1929 suis
518 1864 701 1949 equis
738 1884 919 1929 more
956 1864 1154 1929 solito
1193 1864 1381 1929 daret
1416 1864 1551 1947 his,
1597 1864 1709 1948 qui
1745 1863 2116 1929 amisissent
2151 1886 2382 1950 equos,
2423 1867 2700 1951 superbe

344 1952 813 2038 respondisset,
856 1953 985 2017 nisi
1024 1952 1285 2037 incepto
1330 1954 1705 2030 desisteret,
1749 1954 1932 2017 brevi
1979 1953 2320 2039 sciturum,
2367 1956 2513 2039 quis
2559 1957 2700 2039 ipse

345 2045 536 2106 esset.
608 2040 750 2105 Iam
794 2039 1057 2125 linguae
1095 2042 1475 2106 violentiam
1510 2041 2076 2127 temeritatemque
2112 2044 2488 2127 verborum,
2533 2066 2698 2129 quae
2741 2066 2806 2115 16

348 2130 420 2195 in
484 2128 901 2213 semetipsum
963 2130 1430 2215 iacularentur,
1491 2130 1659 2195 nihil
1724 2130 1901 2195 aliud
1958 2151 2126 2216 esse,
2189 2153 2385 2216 quam
2445 2134 2702 2198 scelesti

348 2356 523 2413 Vater
553 2356 652 2412 der
678 2356 800 2413 drei
828 2356 1039 2412 Brfider
1074 2356 1225 2413 hiess
1252 2356 1468 2413 Andro-

344 2445 552 2484 menes.
640 2429 827 2484 Ueber
878 2428 1001 2483 ihre
1054 2428 1469 2500 Rangstellung

344 2500 426 2555 im
472 2500 655 2556 Heere
700 2517 744 2554 s.
791 2499 883 2555 die
928 2499 1060 2554 krit.
1109 2500 1257 2555 Note
1304 2518 1371 2554 zu
1416 2507 1466 2556 4.

350 2577 433 2626 13.
472 2576 556 2626 28.
599 2601 660 2612 -
694 2573 1120 2641 profuqerat.
1186 2571 1302 2626 Aus
1338 2571 1469 2626 dem

350 2647 399 2696 6.
440 2647 524 2695 11.
562 2647 631 2696 20
666 2643 1070 2713 angegebenen
1104 2642 1347 2698 Grande.

422 2733 505 2784 11.
543 2729 889 2786 honorata.
963 2731 1063 2785 Bei
1108 2730 1220 2786 den
1262 2730 1466 2786 Classi-

346 2799 487 2854 kern
512 2817 620 2854 nur
648 2799 741 2854 ein
765 2799 1022 2855 Atti-ibat
1048 2817 1157 2857 von
1183 2801 1469 2858 Personen

346 2870 463 2926 und
499 2870 768 2925 Wortern
804 2869 909 2925 wie
945 2872 1104 2938 urbe,
1148 2874 1355 2929 civitas.
1398 2903 1465 2914 --

348 2942 755 2997 conciliatos
782 2941 872 2995 ffir
898 2943 1300 3000 commendatos.
1353 2943 1467 2999 Na-

346 3012 621 3068 tfirlicher
674 3017 825 3066 ware
878 3027 934 3067 se
981 3013 1055 3068 iis
1098 3015 1463 3072 commatum.

346 3083 505 3139 Doch
550 3085 681 3154 sagt
724 3083 867 3139 auch
906 3082 1051 3138 ovid
1087 3084 1339 3152 (trist-⁴3.
1380 3091 1465 3142 11.

345 3157 462 3224 42)·
511 3160 757 3226 tyranno
800 3159 945 3210 artes
980 3157 1298 3212 conciliasse
1332 3171 1465 3212 suas

346 3225 920 3282 ==commendavisse.

417 3319 499 3369 12.
520 3316 679 3370 olim
704 3315 967 3371 sibietc.
1002 3313 1341 3370 Aehnlicher
1368 3333 1467 3370 un-

342 3385 715 3440 vermittelter
759 3383 1099 3455 Uebergang
1143 3385 1204 3438 in
1260 3386 1351 3440 die
1388 3404 1466 3441 or.

344 3455 577 3525 obliqua
611 3475 656 3512 ι.
686 3455 749 3510 Β.
790 3463 837 3512 6.
877 3462 927 3511 8.
970 3461 1036 3510 10
1074 3474 1125 3511 ιι.
1162 3461 1252 3523 12;
1293 3463 1341 3512 6.
1385 3463 1466 3512 11.

345 3530 441 3592 29;
488 3532 536 3580 8.
576 3533 626 3581 2.
666 3531 724 3593 ’ἲς
771 3531 822 3582 8.
861 3532 912 3582 5.
955 3532 1045 3594 10;
1097 3531 1179 3581 10.
1221 3533 1271 3582 9.
1311 3533 1359 3583 7.
1400 3558 1467 3569 -—

344 3611 522 3651 nunc
562 3621 630 3642 =
661 3594 839 3666 jetzt
875 3599 1033 3653 erst.

421 3688 503 3736 13.
554 3685 627 3737 in
681 3693 934 3742 secreto
987 3684 1095 3742 wie
1155 3692 1236 3743 10.
1289 3694 1336 3742 1.
1384 3694 1471 3743 29.

344 3751 569 3809 Ebenso
597 3755 743 3810 auch
778 3756 871 3812 bei
898 3753 1091 3812 Livius
1120 3757 1305 3813 neben
1341 3758 1471 3813 dem

341 3824 570 3881 blossen
624 3831 836 3884 secreto.
884 3857 953 3868 --
1000 3843 1143 3884 cum
1193 3845 1469 3926 quaere·

340 3902 533 3952 retur
579 3895 659 3954 ist
712 3897 905 3954 scharf
951 3898 1175 3970 betont,
1238 3899 1468 3969 ‘gei-ade

340 3967 611 4023 wahrend
648 3968 747 4024 des
785 3969 1070 4026 Verhbrs?

415 4062 499 4111 14.
554 4058 797 4124 officii
846 4058 1099 4126 specie,
1163 4058 1217 4114 d.
1270 4057 1309 4113 i.
1369 4075 1468 4114 an-

340 4127 645 4183 scheinend
692 4145 787 4183 zur
822 4127 1271 4198 Dienstleistung
1314 4130 1467 4196 (offi-

342 4197 529 4266 cm).
586 4199 741 4254 Ourt.
774 4201 981 4254 nimmt
1004 4199 1175 4254 somit
1200 4215 1299 4266 an,
1338 4199 1469 4254 dass

341 4267 467 4325 Am.
520 4269 637 4324 und
692 4269 887 4324 Situm.
953 4287 1025 4324 ιιι
1086 4268 1196 4324 den
1258 4241 1467 4324 d’ienst-

1576 2356 1866 2413 thuenden
1928 2356 2121 2430 Pagen
2181 2359 2470 2430 gehorten.
2569 2360 2660 2432 Vg
2661 2361 2699 2417 l.

1577 2429 1722 2484 auch
1759 2435 1790 2495 ss
1821 2435 1886 2485 18
1913 2445 1968 2485 u.
2000 2436 2082 2486 20.
2148 2381 2704 2487 Wahrscheinlichger

1574 2499 1678 2568 ist,
1733 2501 1808 2556 da
1861 2500 2150 2557 dieselben
2207 2502 2394 2558 active
2442 2503 2701 2558 Osficiere

1575 2587 1789 2638 waren,
1845 2573 1976 2626 dass
2025 2570 2106 2626 sie
2152 2572 2262 2626 den
2305 2573 2504 2629 Dienst
2550 2574 2701 2629 heim

1574 2641 1762 2712 Konig
1779 2659 1886 2696 nur
1901 2643 2116 2710 hatten,
2143 2659 2308 2698 wenn
2330 2644 2454 2699 ihre
2475 2646 2700 2716 Truppe

1617 2713 1784 2768 erade
1848 2713 1939 2768 die
1999 2712 2452 2783 ‘Konigswache'
2521 2717 2696 2771 hatte.

1625 2785 1850 2854 myntas
1906 2799 2024 2837 war
2070 2783 2270 2840 Oberst
2323 2785 2474 2840 eines
2533 2787 2699 2856 Regi-

1573 2857 1756 2910 ments
1799 2854 1900 2908 der
1941 2854 2212 2910 Phalanx.
2262 2885 2329 2896 --
2375 2872 2506 2910 non
2557 2859 2702 2912 viee

1573 2941 1717 2980 sua.
1783 2925 1946 2980 Sinn·
1973 2924 2144 2980 nicht
2170 2942 2244 2980 an
2279 2926 2378 2980 der
2411 2926 2583 2982 ihnen
2608 2945 2699 2982 zu·

1575 2995 1950 3052 kommenden
1978 2996 2198 3050 Stelle
2181 3015 2240 3051 ιιι
2269 2997 2370 3050 der
2397 2997 2570 3052 Reihe
2601 2998 2701 3052 der

1573 3067 1854 3135 arachen,
1919 3067 2082 3123 nicht
2135 3085 2229 3122 am
2281 3068 2702 3138 planmaseigen

1574 3139 1746 3220 Tage.
1803 3139 1882 3193 Zu
1917 3140 2032 3194 vice
2057 3155 2164 3193 sua
2189 3139 2303 3208 vgl.
2342 3139 2444 3193 das
2481 3139 2698 3194 franeo-

1576 3209 1760 3264 sische
1823 3211 1860 3264 ἀ
1915 3225 2019 3264 son
2079 3215 2220 3264 towr.
2274 3239 2342 3250 --
2391 3212 2702 3278 proxime

1575 3281 1970 3362 sequebantur,
2031 3280 2458 3350 gerechtfertigt
2522 3282 2700 3336 durch

1577 3349 1668 3405 die
1695 3351 1971 3421 Analogie
1999 3369 2110 3406 von
2128 3368 2304 3422 prope
2333 3353 2542 3420 adesse,
2565 3369 2702 3422 pro-

1568 3422 1706 3490 pius
1731 3424 2003 3490 accedere,
2038 3425 2346 3489 succedam
2384 3424 2528 3479 doch
2557 3424 2701 3478 setzt

1577 3491 1636 3548 C.
1703 3495 1862 3548 sonst
1920 3493 2121 3548 immer
2181 3494 2282 3550 das
2341 3493 2700 3564 Adjectivum

1571 3565 1862 3632 proximus
1897 3583 1963 3619 ιιι
1996 3565 2218 3620 Verben
2253 3565 2358 3620 wie
2395 3570 2557 3631 stare,
2593 3567 2692 3621 ad-

1579 3639 1743 3701 stare,
1769 3635 1968 3703 sedere,
1993 3637 2209 3703 cubare,
2235 3637 2332 3692 ire.
2388 3639 2695 3706 Angemes-

1579 3721 1744 3760 scner
1770 3710 1920 3761 ware
1949 3707 2096 3762 auch
2122 3707 2300 3762 wohl.
2327 3709 2428 3777 qui
2443 3708 2696 3776 proximi

1577 3775 1950 3844 excubabant,
1993 3777 2099 3832 wie
2148 3783 2196 3834 4.
2247 3783 2294 3832 5.
2341 3783 2437 3845 21,
2488 3777 2562 3831 da
2606 3777 2750 3832 die.

1576 3862 1752 3915 ganze
1781 3846 1958 3902 Scene
1997 3847 2180 3902 sicher
2213 3847 2372 3903 nicht
2406 3849 2485 3903 im
2513 3848 2698 3916 Ange-

1576 3916 1725 3971 sicht
1759 3917 1860 3973 der
1894 3919 2276 3973 Palastwache
2315 3919 2532 3988 spielte.

1652 3994 1734 4043 15.
1765 3989 2264 4057 deprehensum,
2299 3989 2407 4044 wie
2443 3995 2474 4054 9
2506 3994 2572 4043 13
2609 3990 2699 4044 de·

1575 4063 1868 4129 temeretur,-
1911 4065 1944 4124 5
1989 4065 2058 4115 32
2104 4061 2338 4115 ἀείρεται
2381 4065 2474 4115 est.
2515 4090 2581 4100 --
2621 4077 2698 4114 εει

1574 4130 1972 4266 εαίἰωεςιιίε,
2021 4129 2412 4186 Construction
2447 4129 2554 4185 wie
2592 4135 2623 4197 ὃ
2663 4137 2694 4185 9

1575 4215 1644 4256 ⁶25
1825 4217 1926 4270 ³¹⁴⁸

1649 4275 1732 4328 16.
1769 4270 1922 4326 Jam
1966 4295 2034 4318 εκ
2079 4271 2307 4328 ferner
2355 4270 2461 4327 wie
2507 4277 2695 4331 3.10.
