3069 4749
180 1939 263 2004 19

884 174 1385 227 msToRIARUM
1419 172 1845 227 ALEXANDRI
1881 176 1974 240 IV,
2013 178 2066 227 4.
2509 172 2637 237 125

284 340 466 404 serat
510 354 661 401 xxx
704 334 1065 401 minoribus
1110 336 1391 421 navigiis
1438 335 1682 402 relictis
1719 336 1790 400 in
1825 335 2036 401 litore.
2084 335 2142 399 E
2179 336 2414 421 quibus
2452 335 2635 419 Tyrii

285 427 541 492 duobus
588 424 796 509 captis
844 427 1059 489 cetera
1101 425 1353 511 ingenti
1405 428 1784 490 terruerunt
1841 428 2019 489 metu
2036 474 2054 508 ,
2109 424 2311 489 donec
2367 445 2633 489 suorum

283 516 572 580 clamore
620 514 842 579 audito
890 512 1259 578 Alexander
1303 514 1576 579 classem
1621 512 1824 597 litori,
1871 537 1910 577 a
1959 534 2086 597 quo
2121 511 2420 577 fremitus
2467 514 2632 577 acci-

286 603 537 686 derant,
583 602 890 667 admovit.
979 601 1199 667 Prima
1245 624 1279 666 e
1336 601 1765 668 Macedonum
1819 601 2095 666 navibus
2151 601 2633 687 quinqueremis
2671 613 2703 663 ’1

282 693 633 759 velocitate
678 691 851 755 inter
896 694 1143 756 ceteras
1191 691 1481 755 eminens
1528 690 1839 768 occurrit,
1886 712 2080 774 quam
2125 693 2201 754 ut
2245 712 2634 775 conspexere

285 781 540 864 Tyriae,
578 780 741 845 duae
782 800 859 843 ex
896 779 1206 844 diverso
1184 802 1256 844 ιιι
1292 782 1503 845 latera
1541 779 1680 844 eius
1715 779 2011 843 invectae
2049 782 2217 860 sunt,
2251 779 2321 843 in
2359 801 2634 863 quarum

288 870 561 934 alteram
606 868 1089 970 quinqueremis
1137 868 1462 934 concitata
1488 866 1732 932 eadem
1779 871 1882 931 et·
1861 867 2032 950 ·ipsa
2076 871 2288 932 rostro
2344 868 2477 932 icta
2535 870 2636 931 est

289 962 355 1022 et
418 958 600 1023 illam
663 957 941 1022 invicem
1002 958 1234 1023 tenuit.
1320 954 1588 1039 Iamque
1645 978 1752 1041 ea,
1812 977 1977 1058 quae
2035 976 2168 1020 non
2226 955 2636 1040 cohaerebat,
2673 970 2708 1020 8

283 1046 493 1117 libero
541 1046 792 1129 impetu
838 1049 1061 1110 evecta
1104 1046 1174 1110 in
1220 1045 1395 1109 aliud
1444 1045 1929 1129 quinqueremis
1975 1046 2146 1109 latus
2183 1044 2636 1109 invehebatur.

287 1156 434 1200 cum
498 1134 983 1235 opportunitate
1040 1135 1207 1199 mira
1258 1134 1576 1199 triremis
1593 1155 1627 1197 e
1685 1135 1892 1198 classe
1948 1132 2302 1198 Alexandri
2364 1134 2432 1197 in
2493 1155 2638 1197 eam

284 1224 529 1307 ipsam,
585 1244 749 1307 quae
806 1222 1255 1324 quinqueremi
1314 1221 1698 1301 inminebat,
1758 1225 1944 1287 tanta
1987 1222 2052 1286 vi
2097 1222 2352 1303 inpulsa
2395 1228 2507 1306 est,
2559 1226 2638 1287 ut

286 1310 531 1396 Tyrius
577 1311 1029 1396 gubernator
1010 1333 1081 1375 ιιι
1115 1333 1291 1375 mare
1329 1273 1739 1376 excuteretur
1774 1332 1810 1375 e
1845 1310 2070 1395 puppi.
2140 1309 2366 1375 Plures
2403 1271 2636 1375 deinde
2673 1326 2706 1376 9

285 1399 715 1465 Macedonum
772 1422 970 1465 naves
1033 1401 1499 1487 superveniunt
1560 1402 1628 1463 et
1697 1422 1812 1465 rex
1868 1420 2124 1484 quoque
2179 1400 2430 1464 aderat.
2486 1421 2634 1464 cum

285 1487 470 1573 Tyrii
512 1488 879 1553 inhibentes
926 1490 1122 1554 remis
1178 1510 1370 1574 aegre
1430 1489 1709 1553 evellere
1762 1510 2024 1573 navem,
2081 1510 2246 1572 quae
2301 1488 2634 1573 haerebat,

283 1583 671 1662 portumque
719 1577 939 1642 omnia
986 1580 1177 1643 simul
1232 1578 1495 1663 navigia
1539 1580 1861 1661 repetunt.
1952 1575 2315 1642 Confestim
2368 1598 2482 1642 rex
2534 1578 2634 1642 in·-

287 1673 543 1733 secutus
590 1670 853 1751 portum
890 1667 1150 1750 quidem
1186 1667 1442 1731 intrare
1466 1688 1601 1731 non
1635 1665 1872 1750 potuit,
1909 1687 2054 1730 cum
2091 1667 2319 1748 procul
2356 1687 2390 1729 e
2427 1666 2632 1729 muris

284 1756 644 1820 missilibus
693 1760 1225 1861 summoveretur,
1269 1775 1469 1820 naves
1518 1757 1734 1819 autem
1782 1776 2006 1819 omnes
2054 1753 2186 1819 fere
2233 1758 2350 1819 aut
2385 1754 2634 1819 demer-

287 1845 379 1909 sit
424 1849 536 1909 aut
580 1844 771 1927 cepit.

466 1932 677 1997 Biduo
706 1932 950 1997 deinde.
966 1933 1047 1997 ad
1075 1932 1358 2017 quietem
1389 1932 1541 1996 dato
1569 1930 1934 1996 militibus
1915 1930 2234 2013 iussisque
2265 1934 2331 1995 et
2357 1929 2633 1995 classem
2671 1944 2738 1995 10

286 2025 353 2087 et
388 2020 724 2086 machinas
763 2021 1009 2105 pariter
1045 2022 1407 2104 admovere,
1443 2024 1518 2085 ut
1554 2021 1840 2103 undique
1875 2019 2122 2084 territis
2159 2019 2456 2103 instaret,
2490 2019 2632 2103 ipse

284 2111 355 2175 in
401 2110 792 2175 altissimam
838 2114 1084 2174 turrem
1134 2110 1427 2175 ascendit
1462 2110 1715 2193 ingenti
1753 2110 1991 2192 animo,
2027 2107 2312 2191 periculo
2358 2108 2630 2173 maiore:

287 2200 524 2284 quippe
589 2200 771 2282 regio
834 2198 1083 2283 insigni
1146 2201 1213 2263 et
1278 2198 1479 2263 armis
1541 2197 1940 2283 fulgentibus
2016 2197 2399 2280 conspicuus
2464 2218 2630 2261 unus
2673 2210 2738 2259 11

284 2288 628 2373 praecipue
672 2287 823 2352 telis
870 2288 1230 2373 petebatur.
1305 2285 1396 2350 Et
1440 2287 1641 2372 digna
1685 2309 1952 2371 prorsus
1993 2286 2362 2370 spectaculo
2401 2285 2632 2351 edidit:

284 2379 527 2442 multos
574 2399 609 2442 e
656 2379 857 2442 muris
904 2385 1393 2462 propugnantes
1439 2376 1634 2441 hasta
1679 2376 2026 2454 transfixit,
2076 2376 2388 2460 quosdam
2436 2374 2632 2440 etiam

287 2467 649 2531 comminus
694 2466 913 2552 gladio
962 2467 1295 2550 clipeoque
1338 2467 1634 2549 inpulsos
1679 2465 2162 2550 praecipitavit,
2209 2465 2450 2548 quippe
2495 2469 2634 2529 tur-

286 2556 395 2638 ris,
444 2577 521 2620 ex
568 2577 694 2639 qua
738 2556 1109 2637 dimicabat,
1145 2555 1352 2619 muris
1390 2554 1682 2619 hostium
1718 2554 2187 2637 propemodum
2224 2554 2632 2618 cohaerebat.

287 2643 551 2727 Iamque
598 2644 841 2709 crebris
888 2644 1200 2709 arietibus
1246 2665 1557 2709 saxorum
1603 2663 1893 2727 conpage
1948 2644 2168 2706 laxata
2227 2642 2634 2707 munimenta
2673 2657 2737 2706 12

285 2732 655 2798 defecerant
700 2736 765 2797 et
810 2733 1039 2798 classis
1084 2732 1447 2797 intraverat
1480 2735 1745 2815 portum
1791 2735 1859 2794 et
1902 2730 2165 2813 quidam
2203 2729 2632 2795 Macedonum

284 3001 405 3050 tem
445 2993 613 3049 ‘nach
649 2994 747 3048 der
792 2995 1406 3090 entgegengesetz-
1514 2990 2297 3047 &reich—invehebatur
2328 2989 2468 3043 ‘war
2489 2987 2632 3043 eben

285 3068 401 3120 ten
438 3065 771 3134 (sfidlichen)
824 3065 1010 3121 Seite
1058 3065 1158 3120 der
1195 3063 1405 3131 Stadt’,
1515 3063 1685 3119 dabei
1719 3062 2122 3132 anzuprallen’.

286 3152 347 3191 so
384 3135 507 3190 dass
543 3154 649 3190 nur
677 3141 746 3189 30
776 3134 1067 3205 cyprische
1100 3135 1304 3191 Schiffe
1341 3137 1407 3190 in
1587 3176 1637 3224 9
1687 3171 1925 3225 aderat
1971 3167 2134 3221 hatte
2189 3163 2311 3220 sich
2370 3165 2633 3234 (mimer-

286 3206 1077 3332 ἒΐιῖιξθιιέκὲιιιὲἲδιιῦεῗθεέῃὲ-
1086 3207 1191 3332 (ἰῇ
1202 3207 1407 3332 εῖδει-ἲ-
1516 3240 1712 3380 {³¹12
1721 3238 2119 3377 ξῗὲῗῗὲῗίἓῃ·
2141 3267 2218 3361 l]
2254 3238 2638 3362 ἒξζηὲἕίιίΐέεθ

286 3346 1408 3487 ‘Sidi-153?bssgssngefflessrgssitffiffezeess
1515 3383 1751 3452 sprache
1789 3386 1829 3435 t.
1857 3382 1898 3434 t.
1930 3397 2060 3435 vom
2096 3379 2640 3434 Ruekw'artsrudern

285 3490 481 3544 plural
534 3488 641 3543 wie
702 3494 782 3544 10
824 3494 872 3544 5
916 3495 1006 3556 16
1064 3508 1105 3545 3
1148 3490 1211 3542 E·
1250 3497 1299 3544 6
1339 3518 1407 3530 -
1514 3471 1641 3507 zum
1695 3452 1884 3507 Behuf
1933 3452 2030 3506 des
2085 3450 2508 3505 Flottwerdens.
2569 3481 2634 3490 -—

288 3562 721 3624 acciderant
747 3561 890 3615 ohne
945 3563 1021 3616 ad
1075 3577 1237 3616 awree
1300 3559 1409 3614 wie
1515 3524 1793 3579 ⁶⁰⁶U⁶r⁶
1829 3548 1897 3568 =
1935 3523 2240 3577 evenerum·
2393 3606 2406 3618 .

287 3630 411 3689 Liv
450 3637 541 3686 27
581 3636 664 3686 15
707 3637 790 3686 16
1590 3617 1674 3665 10.
1723 3611 2088 3678 admovere,
2144 3611 2291 3663 nach
2338 3608 2502 3663 Diod.
2542 3607 2644 3663 auf

361 3709 410 3757 7
449 3705 775 3770 aecum-215,
804 3704 974 3791 qaml
1003 3703 1261 3757 hostibug
1276 3699 1406 3787 vgl
1515 3683 1644 3736 dem
1659 3679 2638 3737 mittlerweilevollendetenDamme

288 3772 411 3829 Arr.
460 3779 511 3828 2.
550 3779 635 3828 22.
676 3779 708 3827 3
766 3768 939 3835 αὐτός
998 3792 1057 3828 τε
1114 3792 1291 3860 πεντη
1331 3791 1411 3834 εις
1514 3753 1632 3814 hin·

290 3838 598 3930 ἀναλαβὼν
646 3884 658 3897 .
704 3887 716 3900 .
762 3843 1053 3913 περιέπλει
1096 3841 1201 3912 τὴν
1244 3863 1287 3897 π
1322 3847 1409 3896 λιν
1592 3847 1676 3896 11.
1725 3841 2015 3912 insiyni,
2062 3841 2170 3896 wie
2213 3843 2516 3896 8.12.14.
2571 3867 2638 3878 ——

290 3909 367 3976 (ὃς
430 3909 523 3968 ἐπὶ
578 3910 714 3977 τοὺς
780 3911 1236 3976 ἐκπεπλευκότας
1296 3915 1409 3968 τῶν
1517 3929 1692 3968 unus
1718 3915 2114 3982 praecipue,
2161 3911 2314 3966 ahnl.
2351 3908 2457 3964 wie
2494 3925 2641 3963 unus

294 3986 536 4054 Τυρίων.
558 3989 1015 4052 -οοηοίύαια,
1042 3987 1213 4042 naml.
1232 3986 1411 4052 remia,
1517 3986 1969 4054 sapientissimus.
2008 4013 2075 4024 —-
2123 3983 2342 4038 edidit
2388 4005 2455 4026 ε
2490 3981 2639 4046 fecit,

289 4055 397 4110 wie
433 4063 485 4111 3.
526 4063 577 4111 2.
617 4087 684 4127 ς-
722 4059 940 4112 eadem
986 4062 1045 4112 et
1082 4099 1093 4112 .
1125 4100 1139 4114 .
1178 4063 1260 4125 et,
1306 4057 1413 4111 wie
1517 4055 1625 4110 wie
1675 4057 1848 4110 sehon
1903 4054 1997 4109 bei
2051 4051 2162 4108 Cic.
2199 4054 2351 4108 edere
2401 4051 2640 4119 facinus.

292 4133 343 4183 3.
382 4133 430 4181 ’1.
472 4134 531 4193 ’1;
570 4133 618 4182 8.
658 4133 708 4184 ὅ.
752 4133 834 4184 15.
1520 4157 1589 4167 —
1625 4127 1960 4196 ιζ’νῳαῑεοε,
1999 4125 2246 4195 Zeugma
2272 4122 2378 4176 wie
2408 4125 2566 4188 §5u.
2588 4126 2640 4175 6.

364 4202 415 4253 8.
446 4204 668 4254 evecta
698 4197 1139 4267 ‘anstiirmend'3
1169 4199 1260 4252 die
1279 4197 1412 4252 Pra-
1521 4199 2088 4267 -propemodum,
2100 4195 2377 4249 nachArr.
2398 4192 2642 4262 v6llig,

291 4284 413 4337 pos.
470 4270 577 4325 hat
631 4270 894 4324 ahnliche
958 4270 1124 4325 Kraft
1186 4270 1293 4324 wie
1354 4269 1417 4322 in
1519 4268 1771 4323 namlieh
1807 4268 1983 4322 durch
2009 4268 2132 4322 eine
2169 4264 2640 4335 herabgelassene

288 4339 482 4407 efferre
498 4357 725 4396 manum
745 4368 815 4386 =
832 4340 965 4398 weit
994 4340 1267 4396 ausholen
1291 4357 1417 4395 zum
1521 4339 1874 4396 Fallbrucke.
