3069 4749
458 154 589 218 192
1368 152 1431 218 Q.
1474 152 1694 208 GURTI
1730 151 1904 207 RUFI

382 330 420 378 4
458 316 909 401 sequebantur.
1012 314 1185 380 Huic
1237 313 1439 380 Biton
1494 315 1762 399 quidam
1813 315 2104 380 nationis
2169 314 2485 398 eiusdem,
2549 316 2660 380 sed
2725 316 2816 380 ob

458 405 961 471 aemulationem
1036 403 1315 469 infestus
1386 404 1802 487 conparavit
1843 403 2116 468 insidias
2180 402 2660 488 invitatumque
2728 404 2816 469 ad

459 494 681 577 epulas
746 514 862 577 per
914 492 1172 557 Boxum
1237 493 1557 577 quendam
1611 492 2025 576 Margianum
2079 492 2150 555 in
2205 492 2501 557 convivio
2559 492 2816 558 occidit.

387 596 420 645 5
458 582 729 647 Postero
759 582 863 645 die
893 581 1195 646 contione
1224 582 1542 646 advocata
1569 580 1724 645 Bito
1751 581 1928 646 ultro
1955 580 2336 645 insidiatum
2365 580 2492 645 sibi
2519 581 2817 645 Atheno-

460 672 689 737 dorum
736 670 1061 754 plerisque
1105 674 1550 753 persuaserat:
1597 670 1711 733 sed
1759 670 1908 735 aliis
1955 674 2260 753 suspecta
2305 674 2446 735 erat
2489 668 2670 734 fraus
2706 670 2819 733 Bi-

386 776 419 823 6
456 760 634 825 tonis
690 764 757 823 et
809 759 1130 842 paulatim
1182 759 1253 823 in
1312 758 1533 842 plures
1589 757 1806 842 coepit
1859 780 2126 822 manare
2187 759 2485 842 suspicio.
2586 759 2818 842 Itaque

458 849 693 915 Graeci
740 848 985 911 milites
1032 868 1218 911 arma
1264 848 1533 931 capiunt
1578 847 1855 911 occisuri
1899 846 2232 930 Bitonem,
2289 847 2344 911 si
2399 847 2666 911 daretur
2709 868 2820 911 oc-

460 937 663 1003 casio:
711 939 996 1001 ceterum
1034 936 1357 1019 principes
1396 958 1624 1001 eorum
1658 936 1824 1000 iram
1861 935 2298 1000 multitudinis
2335 935 2819 1021 mitigaverunt.

388 1040 421 1089 ’1
459 1026 727 1091 Praeter
764 1046 948 1108 spem
984 1046 1169 1088 suam
1204 1022 1407 1090 Biton
1441 1025 1768 1107 praesenti
1807 1024 2096 1107 periculo
2135 1027 2396 1107 ereptus
2431 1025 2628 1108 paulo
2664 1028 2822 1108 post

460 1120 552 1179 est
596 1113 941 1177 insidiatus
1001 1113 1376 1177 auctoribus
1434 1113 1666 1177 salutis
1725 1134 1908 1178 suae:
1973 1113 2152 1177 cuius
2213 1113 2364 1177 dolo
2421 1113 2682 1198 cognito
2747 1116 2817 1177 et

389 1215 422 1265 8
462 1204 677 1284 ipsum
724 1201 1326 1284 conprehenderunt
1360 1205 1447 1265 et
1490 1201 1764 1267 Boxum.
1855 1198 2162 1266 Ceterum
2206 1201 2460 1266 Boxum
2515 1201 2819 1284 protinus

459 1290 705 1374 placuit
748 1290 1048 1374 interfici,
1092 1288 1399 1355 Bitonem
1446 1291 1646 1355 etiam
1683 1312 1800 1374 per
1839 1290 2195 1355 cruciatum
2231 1289 2466 1354 necari.
2549 1289 2820 1373 Iamque

461 1378 716 1463 corpori
771 1382 1103 1443 tormenta
1158 1378 1700 1462 admovebantur,
1755 1400 1898 1442 cum
1947 1377 2179 1443 Graeci
2231 1414 2308 1424 —
2357 1378 2675 1443 incertum
2731 1378 2820 1443 ob

389 1482 422 1530 9
463 1488 657 1552 quam
696 1489 959 1532 causam
995 1504 1084 1515 —-
1119 1466 1481 1551 lymphatis
1520 1467 1767 1531 similes
1817 1467 1896 1531 ad
1943 1489 2124 1531 arma
2167 1467 2555 1531 discurrunt.
2647 1466 2821 1542 Quo·

461 1579 608 1621 rum
651 1555 919 1620 fremitu
968 1555 1293 1640 exaudit0,
1338 1556 1455 1639 qui
1498 1560 1806 1641 torquere
1845 1555 2150 1620 Bitonem
2195 1556 2360 1620 iussi
2407 1559 2611 1640 erant,
2659 1556 2821 1619 omi-

463 1666 603 1710 sere
650 1644 863 1727 veriti,
906 1666 991 1709 ne
1036 1644 1104 1709 id
1148 1644 1364 1709 facere
1412 1644 1954 1709 tumultuantium
2002 1643 2468 1709 vociferatione
2513 1644 2820 1727 prohibe-

361 1747 426 1796 10
466 1736 705 1808 rentur.
787 1732 927 1816 Ille,
964 1734 1134 1798 sicut
1170 1732 1451 1798 nudatus
1490 1737 1650 1816 erat,
1685 1732 1982 1817 pervenit
2019 1732 2100 1796 ad
2129 1731 2410 1797 Graecos
2449 1736 2515 1797 et
2552 1734 2821 1797 misera-

462 1822 617 1886 bilis
692 1821 893 1887 facies
959 1822 1282 1906 supplicio
1349 1822 1662 1887 destinati
1728 1822 1798 1885 in
1853 1822 2180 1885 diversum
2236 1821 2486 1886 animos
2551 1826 2823 1905 repente

358 1925 422 1973 11
464 1910 741 1976 mutavit
787 1910 1159 1995 dimittique
1206 1933 1355 1975 eum
1400 1911 1742 1977 iusserant.
1833 1909 1978 1975 Hoc
2021 1909 2214 1975 modo
2259 1931 2470 1993 poena
2512 1910 2616 1974 bis
2659 1910 2823 1974 libe-

459 2003 646 2065 ratus
694 2021 841 2063 cum
888 2000 1152 2082 ceteris,
1208 2000 1320 2083 qui
1374 2000 1663 2064 colonias
1711 2022 1751 2063 a
1795 2018 1950 2083 rege
1997 1999 2349 2063 attributas
2396 1999 2823 2082 reliquerunt,

330 2158 390 2254 (d
460 2088 879 2270 Ξῖέθτὲἒξὺὲῃῐ
912 2089 1215 2171 patriam
1305 2087 1486 2155 Haec
1545 2110 1714 2153 mma
1756 2086 1997 2153 Bactra
2053 2092 2121 2151 ‘³¹⁵
2167 2084 2556 2171 Scytharum
2601 2089 2823 2153 termi-

359 2280 424 2327 12
644 2242 918 2329 Interim
974 2285 1197 2349 regem
1254 2265 1529 2330 duarum
1585 2266 1905 2351 gentium,
1953 2264 2030 2329 de
2086 2265 2318 2349 quibus
2375 2266 2528 2329 ante
2575 2264 2822 2329 dictum
2841 2266 2916 2330 28
3022 2296 3023 2329 ι

465 2358 583 2433 est,
632 2370 671 2417 c
719 2353 925 2438 legati
972 2353 1229 2419 adeunt.
1322 2353 1563 2419 Omnes
1601 2378 1792 2420 curru
1827 2353 2249 2437 vehebantur,
2295 2352 2532 2418 eximia
2569 2354 2821 2437 magni-

465 2406 689 2509 tudine
746 2464 1121 2526 corporum,
1186 2444 1416 2508 decoro
1472 2444 1736 2508 habitu-z
1801 2443 2014 2508 lineae
2077 2446 2292 2508 vestes
2347 2443 2602 2507 intexto
2659 2464 2820 2507 auro

362 2545 426 2592 13
466 2552 881 2615 purpuraque
937 2530 1317 2596 destinctae.
1416 2531 1501 2596 Ei
1569 2555 1636 2597 se
1692 2531 1923 2596 dedere
1981 2533 2190 2616 ipsos,
2250 2532 2444 2596 urbes
2501 2551 2823 2616 agrosque

468 2619 859 2702 referebant,
906 2641 1023 2702 per
1057 2622 1162 2684 tot
1200 2623 1451 2685 aetates
1488 2621 1872 2685 inviolatam
1908 2619 2277 2685 libertatem
2318 2619 2500 2684 illius
2537 2619 2824 2704 primum

466 2707 620 2772 fidei
666 2707 1030 2792 dicionique
1074 2709 1531 2794 permissuros:
1581 2709 1735 2774 deos
1774 2709 1901 2774 sibi
1939 2707 2286 2774 deditionis
2325 2711 2642 2792 auctoreS,
2685 2729 2825 2773 non

362 2812 429 2861 14
467 2799 739 2880 metum,
797 2797 1036 2881 quippe
1082 2797 1347 2863 intactis
1393 2799 1643 2862 viribus
1689 2797 1916 2882 iugum
1961 2798 2270 2881 excipere.
2361 2797 2499 2862 Rex
2547 2796 2847 2863 consilio

465 2885 696 2951 habito
763 2885 1017 2950 deditos
1081 2887 1152 2951 in
1215 2886 1407 2950 fidem
1472 2886 1720 2970 accepit
1793 2886 2145 2969 stipendio,
2210 2885 2382 2970 quod
2443 2885 2822 2951 Arachosiis

464 3047 707 3112 spectare
715 3043 987 3110 praedam
1002 3063 1023 3107 ,·
1052 3042 1171 3097 Liv.
1198 3049 1247 3097 9.
1272 3049 1355 3098 10.
1378 3047 1409 3096 5
1431 3060 1592 3097 arma
1699 3043 1825 3096 ders
1854 3042 1994 3108 Tod,
2027 3059 2138 3097 von
2167 3043 2277 3097 den
2303 3041 2700 3098 Macedoniarn
2726 3059 2824 3095 zu-

466 3114 654 3168 cwncti
680 3119 944 3182 spectant.
998 3113 1102 3167 Bei
1129 3113 1239 3168 den
1269 3112 1592 3174 Olassikern
1699 3113 2225 3183 sammengehauen.

466 3184 633 3238 daffir
665 3200 751 3238 res
785 3189 990 3252 spectat
1026 3186 1101 3239 ad
1137 3201 1312 3239 arma.
1773 3190 1856 3238 12.
1893 3184 2182 3239 duarum
2207 3185 2530 3266 yentium,
2561 3184 2614 3238 d.
2635 3185 2690 3238 h.
2721 3183 2824 3238 der

536 3260 589 3310 4.
635 3254 861 3310 Biton.
938 3255 1053 3308 Das
1090 3271 1267 3324 gance
1304 3255 1591 3325 Ereigniss
1703 3255 1982 3309 Sudracae
2016 3273 2072 3310 ιι.
2109 3254 2286 3311 Malli.
2321 3285 2386 3296 —-·
2423 3256 2699 3320 animia,
2737 3271 2822 3308 er-

467 3325 749 3379 berichtet
783 3325 841 3380 C.
880 3325 1069 3380 allein.
1700 3329 1875 3450 {anzo
1921 3331 2082 3380 erant
2123 3343 2178 3380 ιι.
2227 3327 2339 3396 vgl.
2386 3326 2685 3396 bezi‘iglich
2722 3324 2824 3379 des

540 3401 588 3449 5.
627 3396 838 3461 ultre,
878 3396 932 3451 d.
969 3397 1007 3450 i.
1046 3397 1193 3451 ohne
1222 3397 1355 3467 Jede
1382 3396 1591 3452 Veran-
1743 3397 1978 3452 atzbaus
2015 3396 2106 3451 die
2143 3397 2307 3453 Anm.
2345 3415 2414 3451 zu
2442 3403 2490 3452 3.
2523 3403 2572 3450 3.
2602 3403 2668 3450 27
2707 3396 2826 3450 und.

466 3467 694 3536 lassung
738 3466 1071 3522 seinerseits.
1112 3497 1179 3507 -
1214 3485 1486 3523 manare
1523 3493 1592 3513 =
1701 3468 1791 3522 die
1829 3468 2094 3522 ahnliche
2131 3467 2306 3522 Stelle
2345 3473 2429 3523 10.
2470 3473 2516 3522 5.
2557 3473 2642 3522 27.

459 3540 773 3606 propaqari
807 3538 909 3591 hat
946 3538 1092 3593 auch
1131 3537 1340 3593 Cicero.
1776 3543 1860 3593 13.
1898 3539 2082 3608 ipsos
2118 3538 2224 3593 wie
2261 3545 2310 3594 8.
2350 3544 2418 3593 28
2455 3555 2512 3594 se
2545 3541 2696 3607 ipsos
2729 3555 2825 3592 m·-

540 3615 590 3664 8.
646 3610 991 3664 i‘ncertum.
1068 3609 1251 3664 Ueber
1298 3609 1389 3664 die
1424 3611 1592 3664 Form
1702 3610 1918 3694 temque
1954 3610 2296 3664 dedidermtt.
2338 3641 2403 3650 -
2431 3611 2726 3678 primum
2753 3633 2823 3654 =

468 3679 569 3733 der
604 3678 947 3734 Parenthese
985 3697 1027 3734 s.
1066 3679 1209 3736 Einl.
1247 3686 1278 3745 ἓ
1311 3686 1407 3750 5ος
1454 3681 1595 3734 fiber
1700 3675 1762 3734 τὸ
1801 3681 2052 3748 πρῶτον,
2099 3680 2413 3735 deutlicher
2451 3683 2603 3735 ware
2636 3681 2825 3749 primi.

470 3752 740 3820 lymphati
774 3769 817 3805 s.
857 3757 909 3804 4.
950 3757 1035 3804 12.
1072 3757 1139 3804 14
1186 3751 1453 3821 lymphati
1488 3757 1592 3805 Μιε-
1700 3750 1922 3806 Ebenso
1964 3753 2210 3820 primum
2261 3751 2354 3805 ft‘ir
2397 3751 2586 3820 primo
2634 3756 2716 3805 10.
2753 3757 2825 3804 24

459 3823 665 3890 pidare
700 3827 1009 3890 coeperunt.
1697 3822 1813 3876 und
1850 3822 1971 3877 Liv.
2011 3829 2062 3877 2.
2105 3827 2187 3876 18.
2226 3827 2262 3876 4
2298 3824 2547 3892 primum
2581 3822 2672 3876 fur
2698 3823 2824 3903 Ρη·-

543 3898 625 3947 10.
678 3893 859 3946 sicut
892 3893 1193 3946 nudatus
1227 3897 1388 3948 erat.
1462 3891 1593 3946 Die·
1699 3909 1836 3947 mus.
1899 3893 2064 3948 Nach
2089 3893 2294 3947 Arrian
2320 3893 2565 3947 datii-ten
2593 3893 2674 3948 sie
2701 3891 2826 3947 ihre

470 3964 624 4018 solbe
673 3961 889 4018 Constr.
936 3981 990 4016 u.
1040 3963 1299 4032 Stellung
1347 3968 1430 4017 10.
1468 3967 1520 4016 4.
1560 3969 1592 4016 2
1703 3964 2041 4018 Autonomie
2078 3980 2190 4017 von
2228 3965 2356 4019 dem
2385 3963 2538 4034 Zuge
2567 3963 2664 4019 des
2692 3964 2824 4018 Dio-

468 4036 613 4089 sicut
646 4035 822 4088 vincti
857 4038 1031 4088 erant.
1699 4050 1870 4104 nysos
1907 4034 2084 4089 durch
2121 4035 2320 4090 Indien
2356 4035 2473 4091 her.

545 4110 629 4161 11.
650 4104 1053 4174 Scytharum
1080 4105 1412 4160 terminos,
1433 4103 1595 4159 Nach
1776 4111 1858 4159 14.
1896 4106 2314 4161 Arachosiis.
2372 4105 2428 4159 O.
2453 4105 2676 4161 scheint
2702 4105 2826 4160 hier

469 4174 685 4230 Diodor
702 4174 1017 4230 erreichten
1036 4174 1127 4229 die
1137 4174 1473 4244 Flfichtigen
1493 4175 1594 4230 das
1702 4175 1793 4230 die
1801 4175 1970 4230 Notiz
1992 4176 2173 4231 sainct
2183 4175 2418 4243 Quellen
2437 4177 2826 4231 missverstan-

469 4244 778 4299 Vaterland
830 4245 1014 4315 nicht,
1071 4246 1312 4300 sondern
1366 4246 1597 4301 wurden
1703 4245 1812 4300 den
1848 4263 1914 4300 zu
1950 4246 2152 4302 haben.
2219 4249 2321 4315 So,
2357 4247 2464 4302 wie
2504 4246 2598 4302 die
2625 4247 2826 4302 Worte

471 4316 805 4384 unterwegs,
844 4315 989 4370 doch
1026 4318 1143 4371 erst
1178 4317 1325 4372 nach
1353 4317 1593 4372 Alexan·
1702 4317 2030 4373 iiberliefert
2047 4319 2190 4388 sind,
2211 4319 2437 4372 konnen
2452 4315 2534 4372 sie
2550 4319 2703 4373 wohl
2717 4335 2828 4373 nur
