<?xml version="1.0" encoding="UTF-8"?>
<!DOCTYPE html PUBLIC "-//W3C//DTD XHTML 1.0 Transitional//EN"
    "http://www.w3.org/TR/xhtml1/DTD/xhtml1-transitional.dtd">
<html xmlns="http://www.w3.org/1999/xhtml" xml:lang="en" lang="en">
 <head>
  <title>
</title>
<meta http-equiv="Content-Type" content="text/html;charset=utf-8" />
  <meta name='ocr-system' content='tesseract 3.04.00' />
  <meta name='ocr-capabilities' content='ocr_page ocr_carea ocr_par ocr_line ocrx_word'/>
</head>
<body>
  <div class='ocr_page' id='page_1' title='image "./qcurtirufihisto00vogegoog_0156.png"; bbox 0 0 3069 4749; ppageno 0'>
   <div class='ocr_carea' id='block_1_1' title="bbox 422 206 1856 283">
    <p class='ocr_par' dir='ltr' id='par_1_1' title="bbox 422 206 1856 283">
     <span class='ocr_line' id='line_1_1' title="bbox 422 206 1856 283; baseline -0.006 -13"><span class='ocrx_word' id='word_1_1' title='bbox 422 206 550 272; x_wconf 83' lang='lat'><strong>146</strong></span> <span class='ocrx_word' id='word_1_2' title='bbox 1325 214 1388 275; x_wconf 82' lang='lat' dir='ltr'><strong>Q.</strong></span> <span class='ocrx_word' id='word_1_3' title='bbox 1428 212 1648 283; x_wconf 72' lang='lat' dir='ltr'><strong>cmm</strong></span> <span class='ocrx_word' id='word_1_4' title='bbox 1682 213 1856 263; x_wconf 80' lang='lat' dir='ltr'>RUFI</span> 
     </span>
    </p>
   </div>
   <div class='ocr_carea' id='block_1_2' title="bbox 234 371 2872 2498">
    <p class='ocr_par' dir='ltr' id='par_1_2' title="bbox 234 371 2872 2498">
     <span class='ocr_line' id='line_1_2' title="bbox 416 371 2768 463; baseline 0.003 -28"><span class='ocrx_word' id='word_1_5' title='bbox 416 372 661 436; x_wconf 90' lang='lat' dir='ltr'><strong>tionem</strong></span> <span class='ocrx_word' id='word_1_6' title='bbox 708 374 811 435; x_wconf 90' lang='lat' dir='ltr'><strong>tot</strong></span> <span class='ocrx_word' id='word_1_7' title='bbox 857 371 1107 435; x_wconf 90' lang='lat' dir='ltr'><strong>milium</strong></span> <span class='ocrx_word' id='word_1_8' title='bbox 1164 372 1546 457; x_wconf 85' lang='lat' dir='ltr'><strong>sanguinem</strong></span> <span class='ocrx_word' id='word_1_9' title='bbox 1601 374 1893 457; x_wconf 88' lang='lat' dir='ltr'><strong>inpendi:</strong></span> <span class='ocrx_word' id='word_1_10' title='bbox 1949 372 2215 439; x_wconf 85' lang='lat' dir='ltr'><strong>fastidio</strong></span> <span class='ocrx_word' id='word_1_11' title='bbox 2271 396 2411 440; x_wconf 87' lang='lat' dir='ltr'><strong>esse</strong></span> <span class='ocrx_word' id='word_1_12' title='bbox 2466 377 2768 463; x_wconf 83' lang='lat' dir='ltr'><strong>patriam,</strong></span> 
     </span>
     <span class='ocr_line' id='line_1_3' title="bbox 376 458 2768 549; baseline 0.004 -26"><span class='ocrx_word' id='word_1_13' title='bbox 376 463 385 473; x_wconf 82' lang='lat'>‘</span> <span class='ocrx_word' id='word_1_14' title='bbox 418 458 707 524; x_wconf 89' lang='lat' dir='ltr'><strong>abdicari</strong></span> <span class='ocrx_word' id='word_1_15' title='bbox 735 459 1115 543; x_wconf 84' lang='lat' dir='ltr'><strong>Philippum</strong></span> <span class='ocrx_word' id='word_1_16' title='bbox 1149 462 1433 545; x_wconf 88' lang='lat' dir='ltr'><strong>patrem:</strong></span> <span class='ocrx_word' id='word_1_17' title='bbox 1472 462 1722 527; x_wconf 87' lang='lat' dir='ltr'><strong>caelum</strong></span> <span class='ocrx_word' id='word_1_18' title='bbox 1757 460 1944 527; x_wconf 77' lang='lat' dir='ltr'><strong>van-is</strong></span> <span class='ocrx_word' id='word_1_19' title='bbox 1983 462 2490 548; x_wconf 71' lang='lat' dir='ltr'><strong>cogitationibus</strong></span> <span class='ocrx_word' id='word_1_20' title='bbox 2529 469 2768 549; x_wconf 88' lang='lat' dir='ltr'><strong>petere.</strong></span> 
     </span>
     <span class='ocr_line' id='line_1_4' title="bbox 290 548 2766 633; baseline 0.004 -22"><span class='ocrx_word' id='word_1_21' title='bbox 290 625 299 631; x_wconf 27' lang='grc' dir='ltr'>ι</span> <span class='ocrx_word' id='word_1_22' title='bbox 346 562 381 611; x_wconf 79' lang='lat'>4</span> <span class='ocrx_word' id='word_1_23' title='bbox 417 548 558 612; x_wconf 87' lang='lat' dir='ltr'><strong>Iam</strong></span> <span class='ocrx_word' id='word_1_24' title='bbox 604 570 804 633; x_wconf 84' lang='lat' dir='ltr'>prope</span> <span class='ocrx_word' id='word_1_25' title='bbox 853 549 1233 613; x_wconf 72' lang='lat' dir='ltr'><strong>seditionem</strong></span> <span class='ocrx_word' id='word_1_26' title='bbox 1269 572 1372 614; x_wconf 89' lang='lat' dir='ltr'><strong>res</strong></span> <span class='ocrx_word' id='word_1_27' title='bbox 1420 554 1576 633; x_wconf 84' lang='lat' dir='ltr'><strong>erat,</strong></span> <span class='ocrx_word' id='word_1_28' title='bbox 1623 572 1769 615; x_wconf 89' lang='lat' dir='ltr'><strong>cum</strong></span> <span class='ocrx_word' id='word_1_29' title='bbox 1807 550 1889 615; x_wconf 89' lang='lat' dir='ltr'><strong>ad</strong></span> <span class='ocrx_word' id='word_1_30' title='bbox 1926 554 2144 629; x_wconf 85' lang='lat' dir='ltr'><strong>omnia</strong></span> <span class='ocrx_word' id='word_1_31' title='bbox 2187 552 2525 618; x_wconf 76' lang='lat' dir='ltr'><strong>interritus</strong></span> <span class='ocrx_word' id='word_1_32' title='bbox 2573 554 2766 620; x_wconf 84' lang='lat' dir='ltr'><strong>duces</strong></span> 
     </span>
     <span class='ocr_line' id='line_1_5' title="bbox 418 638 2766 729; baseline 0.002 -27"><span class='ocrx_word' id='word_1_33' title='bbox 418 638 868 722; x_wconf 80' lang='lat' dir='ltr'><strong>principesque</strong></span> <span class='ocrx_word' id='word_1_34' title='bbox 904 638 1188 702; x_wconf 88' lang='lat' dir='ltr'><strong>militum</strong></span> <span class='ocrx_word' id='word_1_35' title='bbox 1223 638 1594 723; x_wconf 75' lang='lat' dir='ltr'><strong>fiequentes</strong></span> <span class='ocrx_word' id='word_1_36' title='bbox 1642 640 1867 704; x_wconf 80' lang='lat' dir='ltr'><strong>adesse</strong></span> <span class='ocrx_word' id='word_1_37' title='bbox 1914 640 2240 723; x_wconf 88' lang='lat' dir='ltr'><strong>praetorio</strong></span> <span class='ocrx_word' id='word_1_38' title='bbox 2286 642 2468 705; x_wconf 92' lang='lat' dir='ltr'><strong>iubet</strong></span> <span class='ocrx_word' id='word_1_39' title='bbox 2504 642 2766 729; x_wconf 80' lang='lat' dir='ltr'><strong>Aegyp-</strong></span> 
     </span>
     <span class='ocr_line' id='line_1_6' title="bbox 415 726 2768 815; baseline 0.002 -25"><span class='ocrx_word' id='word_1_40' title='bbox 415 726 670 810; x_wconf 89' lang='lat' dir='ltr'><strong>tiosque</strong></span> <span class='ocrx_word' id='word_1_41' title='bbox 706 730 909 810; x_wconf 86' lang='lat' dir='ltr'><strong>vates,</strong></span> <span class='ocrx_word' id='word_1_42' title='bbox 955 748 1115 811; x_wconf 89' lang='lat' dir='ltr'><strong>quos</strong></span> <span class='ocrx_word' id='word_1_43' title='bbox 1151 726 1317 792; x_wconf 85' lang='lat' dir='ltr'><strong>caeli</strong></span> <span class='ocrx_word' id='word_1_44' title='bbox 1354 750 1429 792; x_wconf 89' lang='lat' dir='ltr'><strong>ac</strong></span> <span class='ocrx_word' id='word_1_45' title='bbox 1473 727 1757 793; x_wconf 86' lang='lat' dir='ltr'><strong>siderum</strong></span> <span class='ocrx_word' id='word_1_46' title='bbox 1795 729 2223 812; x_wconf 84' lang='lat' dir='ltr'><strong>peritissimos</strong></span> <span class='ocrx_word' id='word_1_47' title='bbox 2262 750 2402 795; x_wconf 88' lang='lat' dir='ltr'><strong>esse</strong></span> <span class='ocrx_word' id='word_1_48' title='bbox 2438 731 2768 815; x_wconf 88' lang='lat' dir='ltr'><strong>credebat,</strong></span> 
     </span>
     <span class='ocr_line' id='line_1_7' title="bbox 346 816 2766 903; baseline 0.003 -25"><span class='ocrx_word' id='word_1_49' title='bbox 346 828 379 878; x_wconf 84' lang='lat'><strong>5</strong></span> <span class='ocrx_word' id='word_1_50' title='bbox 420 816 573 901; x_wconf 90' lang='lat' dir='ltr'><strong>quid</strong></span> <span class='ocrx_word' id='word_1_51' title='bbox 613 816 945 900; x_wconf 84' lang='lat' dir='ltr'><strong>sentirent,</strong></span> <span class='ocrx_word' id='word_1_52' title='bbox 983 837 1357 899; x_wconf 85' lang='lat' dir='ltr'><strong>expromere</strong></span> <span class='ocrx_word' id='word_1_53' title='bbox 1396 818 1651 898; x_wconf 88' lang='lat' dir='ltr'><strong>[iubet].</strong></span> <span class='ocrx_word' id='word_1_54' title='bbox 1698 816 1790 882; x_wconf 89' lang='lat' dir='ltr'><strong>At</strong></span> <span class='ocrx_word' id='word_1_55' title='bbox 1825 817 1941 899; x_wconf 87' lang='lat' dir='ltr'><strong>illi,</strong></span> <span class='ocrx_word' id='word_1_56' title='bbox 1979 820 2092 903; x_wconf 88' lang='lat' dir='ltr'><strong>qui</strong></span> <span class='ocrx_word' id='word_1_57' title='bbox 2129 818 2290 883; x_wconf 85' lang='lat' dir='ltr'><strong>satis</strong></span> <span class='ocrx_word' id='word_1_58' title='bbox 2327 820 2568 884; x_wconf 84' lang='lat' dir='ltr'><strong>scirent</strong></span> <span class='ocrx_word' id='word_1_59' title='bbox 2604 824 2766 885; x_wconf 89' lang='lat' dir='ltr'><strong>tem-</strong></span> 
     </span>
     <span class='ocr_line' id='line_1_8' title="bbox 417 904 2764 992; baseline 0.003 -25"><span class='ocrx_word' id='word_1_60' title='bbox 417 924 647 988; x_wconf 90' lang='lat' dir='ltr'><strong>porum</strong></span> <span class='ocrx_word' id='word_1_61' title='bbox 696 906 885 969; x_wconf 86' lang='lat' dir='ltr'><strong>orbes</strong></span> <span class='ocrx_word' id='word_1_62' title='bbox 929 905 1177 988; x_wconf 90' lang='lat' dir='ltr'><strong>inplere</strong></span> <span class='ocrx_word' id='word_1_63' title='bbox 1224 904 1587 969; x_wconf 81' lang='lat' dir='ltr'><strong>destinatas</strong></span> <span class='ocrx_word' id='word_1_64' title='bbox 1633 905 1804 970; x_wconf 83' lang='lat' dir='ltr'><strong>vices</strong></span> <span class='ocrx_word' id='word_1_65' title='bbox 1860 907 2210 990; x_wconf 88' lang='lat' dir='ltr'><strong>lunamque</strong></span> <span class='ocrx_word' id='word_1_66' title='bbox 2265 906 2561 992; x_wconf 89' lang='lat' dir='ltr'><strong>deficere,</strong></span> <span class='ocrx_word' id='word_1_67' title='bbox 2615 930 2764 973; x_wconf 92' lang='lat' dir='ltr'><strong>cum</strong></span> 
     </span>
     <span class='ocr_line' id='line_1_9' title="bbox 418 994 2767 1081; baseline 0.002 -24"><span class='ocrx_word' id='word_1_68' title='bbox 418 995 533 1057; x_wconf 89' lang='lat' dir='ltr'><strong>aut</strong></span> <span class='ocrx_word' id='word_1_69' title='bbox 575 996 816 1057; x_wconf 85' lang='lat' dir='ltr'><strong>terram</strong></span> <span class='ocrx_word' id='word_1_70' title='bbox 863 994 1111 1058; x_wconf 85' lang='lat' dir='ltr'><strong>subiret</strong></span> <span class='ocrx_word' id='word_1_71' title='bbox 1148 997 1261 1058; x_wconf 90' lang='lat' dir='ltr'><strong>aut</strong></span> <span class='ocrx_word' id='word_1_72' title='bbox 1296 995 1435 1059; x_wconf 70' lang='lat' dir='ltr'><strong>sole</strong></span> <span class='ocrx_word' id='word_1_73' title='bbox 1469 998 1886 1078; x_wconf 85' lang='lat' dir='ltr'><strong>premeretur,</strong></span> <span class='ocrx_word' id='word_1_74' title='bbox 1931 995 2250 1059; x_wconf 89' lang='lat' dir='ltr'><strong>rationem</strong></span> <span class='ocrx_word' id='word_1_75' title='bbox 2299 996 2556 1081; x_wconf 89' lang='lat' dir='ltr'><strong>quidem</strong></span> <span class='ocrx_word' id='word_1_76' title='bbox 2599 997 2767 1081; x_wconf 87' lang='lat' dir='ltr'><strong>ipsis</strong></span> 
     </span>
     <span class='ocr_line' id='line_1_10' title="bbox 348 1083 2766 1170; baseline 0.001 -22"><span class='ocrx_word' id='word_1_77' title='bbox 348 1101 379 1148; x_wconf 84' lang='lat'>6</span> <span class='ocrx_word' id='word_1_78' title='bbox 418 1087 789 1166; x_wconf 87' lang='lat' dir='ltr'><strong>perceptam</strong></span> <span class='ocrx_word' id='word_1_79' title='bbox 835 1104 967 1147; x_wconf 87' lang='lat' dir='ltr'><strong>non</strong></span> <span class='ocrx_word' id='word_1_80' title='bbox 1003 1083 1273 1151; x_wconf 87' lang='lat' dir='ltr'><strong>edocent</strong></span> <span class='ocrx_word' id='word_1_81' title='bbox 1308 1084 1574 1170; x_wconf 86' lang='lat' dir='ltr'><strong>vulgus:</strong></span> <span class='ocrx_word' id='word_1_82' title='bbox 1613 1089 1896 1148; x_wconf 89' lang='lat' dir='ltr'><strong>ceterum</strong></span> <span class='ocrx_word' id='word_1_83' title='bbox 1921 1084 2290 1169; x_wconf 87' lang='lat' dir='ltr'><strong>adfirmant,</strong></span> <span class='ocrx_word' id='word_1_84' title='bbox 2327 1086 2529 1150; x_wconf 90' lang='lat' dir='ltr'><strong>solem</strong></span> <span class='ocrx_word' id='word_1_85' title='bbox 2565 1083 2766 1150; x_wconf 82' lang='lat' dir='ltr'><strong>Grae-</strong></span> 
     </span>
     <span class='ocr_line' id='line_1_11' title="bbox 419 1163 2762 1257; baseline 0.002 -23"><span class='ocrx_word' id='word_1_86' title='bbox 419 1190 660 1254; x_wconf 86' lang='lat' dir='ltr'><strong>corum,</strong></span> <span class='ocrx_word' id='word_1_87' title='bbox 705 1163 927 1236; x_wconf 76' lang='lat' dir='ltr'><strong>lu&#39;nam</strong></span> <span class='ocrx_word' id='word_1_88' title='bbox 978 1192 1115 1235; x_wconf 89' lang='lat' dir='ltr'><strong>esse</strong></span> <span class='ocrx_word' id='word_1_89' title='bbox 1153 1172 1514 1254; x_wconf 84' lang='lat' dir='ltr'><strong>Persarum,</strong></span> <span class='ocrx_word' id='word_1_90' title='bbox 1563 1173 1988 1257; x_wconf 86' lang='lat' dir='ltr'><strong>quotiensque</strong></span> <span class='ocrx_word' id='word_1_91' title='bbox 2033 1172 2154 1237; x_wconf 89' lang='lat' dir='ltr'><strong>illa</strong></span> <span class='ocrx_word' id='word_1_92' title='bbox 2198 1173 2468 1252; x_wconf 88' lang='lat' dir='ltr'><strong>deficiat,</strong></span> <span class='ocrx_word' id='word_1_93' title='bbox 2503 1174 2762 1239; x_wconf 88' lang='lat' dir='ltr'><strong>ruinam</strong></span> 
     </span>
     <span class='ocr_line' id='line_1_12' title="bbox 419 1260 2764 1347; baseline 0.002 -25"><span class='ocrx_word' id='word_1_94' title='bbox 419 1262 831 1345; x_wconf 84' lang='lat' dir='ltr'><strong>stragemque</strong></span> <span class='ocrx_word' id='word_1_95' title='bbox 878 1260 1013 1324; x_wconf 89' lang='lat' dir='ltr'><strong>illis</strong></span> <span class='ocrx_word' id='word_1_96' title='bbox 1060 1261 1365 1343; x_wconf 85' lang='lat' dir='ltr'><strong>gentibus</strong></span> <span class='ocrx_word' id='word_1_97' title='bbox 1411 1260 1741 1343; x_wconf 84' lang='lat' dir='ltr'><strong>portendi:</strong></span> <span class='ocrx_word' id='word_1_98' title='bbox 1786 1266 2132 1347; x_wconf 84' lang='lat' dir='ltr'><strong>veteraque</strong></span> <span class='ocrx_word' id='word_1_99' title='bbox 2169 1261 2483 1345; x_wconf 65' lang='lat' dir='ltr'><strong>exempla,</strong></span> <span class='ocrx_word' id='word_1_100' title='bbox 2503 1284 2764 1347; x_wconf 89' lang='lat' dir='ltr'><strong>percen-</strong></span> 
     </span>
     <span class='ocr_line' id='line_1_13' title="bbox 418 1348 2762 1436; baseline 0.002 -24"><span class='ocrx_word' id='word_1_101' title='bbox 418 1354 565 1412; x_wconf 86' lang='lat' dir='ltr'><strong>sent</strong></span> <span class='ocrx_word' id='word_1_102' title='bbox 609 1348 898 1413; x_wconf 87' lang='lat' dir='ltr'><strong>Persidis</strong></span> <span class='ocrx_word' id='word_1_103' title='bbox 942 1370 1197 1434; x_wconf 88' lang='lat' dir='ltr'><strong>regum,</strong></span> <span class='ocrx_word' id='word_1_104' title='bbox 1254 1370 1415 1433; x_wconf 88' lang='lat' dir='ltr'><strong>quos</strong></span> <span class='ocrx_word' id='word_1_105' title='bbox 1462 1350 1748 1414; x_wconf 84' lang='lat' dir='ltr'><strong>adversis</strong></span> <span class='ocrx_word' id='word_1_106' title='bbox 1796 1350 1895 1415; x_wconf 90' lang='lat' dir='ltr'><strong>dis</strong></span> <span class='ocrx_word' id='word_1_107' title='bbox 1941 1372 2266 1436; x_wconf 88' lang='lat' dir='ltr'><strong>pugnasse</strong></span> <span class='ocrx_word' id='word_1_108' title='bbox 2310 1351 2502 1415; x_wconf 89' lang='lat' dir='ltr'><strong>lunae</strong></span> <span class='ocrx_word' id='word_1_109' title='bbox 2549 1356 2762 1416; x_wconf 86' lang='lat' dir='ltr'><strong>osten-</strong></span> 
     </span>
     <span class='ocr_line' id='line_1_14' title="bbox 345 1436 2762 1523; baseline 0 -19"><span class='ocrx_word' id='word_1_110' title='bbox 345 1457 375 1505; x_wconf 79' lang='grc'><strong>7</strong></span> <span class='ocrx_word' id='word_1_111' title='bbox 417 1436 620 1501; x_wconf 87' lang='lat' dir='ltr'><strong>disset</strong></span> <span class='ocrx_word' id='word_1_112' title='bbox 665 1437 956 1503; x_wconf 84' lang='lat' dir='ltr'><strong>defectio.</strong></span> <span class='ocrx_word' id='word_1_113' title='bbox 1047 1436 1251 1502; x_wconf 87' lang='lat' dir='ltr'><strong>Nulla</strong></span> <span class='ocrx_word' id='word_1_114' title='bbox 1294 1459 1399 1502; x_wconf 90' lang='lat' dir='ltr'><strong>res</strong></span> <span class='ocrx_word' id='word_1_115' title='bbox 1447 1437 1930 1504; x_wconf 87' lang='lat' dir='ltr'><strong>multitudinem</strong></span> <span class='ocrx_word' id='word_1_116' title='bbox 1978 1438 2301 1504; x_wconf 85' lang='lat' dir='ltr'><strong>efficacius</strong></span> <span class='ocrx_word' id='word_1_117' title='bbox 2348 1440 2520 1523; x_wconf 89' lang='lat' dir='ltr'><strong>regit</strong></span> <span class='ocrx_word' id='word_1_118' title='bbox 2564 1461 2762 1523; x_wconf 89' lang='lat' dir='ltr'><strong>quam</strong></span> 
     </span>
     <span class='ocr_line' id='line_1_15' title="bbox 415 1526 2762 1611; baseline 0 -20"><span class='ocrx_word' id='word_1_119' title='bbox 415 1526 821 1610; x_wconf 88' lang='lat' dir='ltr'><strong>superstitio:</strong></span> <span class='ocrx_word' id='word_1_120' title='bbox 868 1528 1155 1611; x_wconf 88' lang='lat' dir='ltr'><strong>alioquin</strong></span> <span class='ocrx_word' id='word_1_121' title='bbox 1202 1528 1521 1611; x_wconf 76' lang='lat' dir='ltr'><strong>inpotenS,</strong></span> <span class='ocrx_word' id='word_1_122' title='bbox 1569 1548 1778 1607; x_wconf 84' lang='lat' dir='ltr'><strong>saeva,</strong></span> <span class='ocrx_word' id='word_1_123' title='bbox 1824 1527 2187 1605; x_wconf 79' lang='lat' dir='ltr'><strong>mutabiliS,</strong></span> <span class='ocrx_word' id='word_1_124' title='bbox 2239 1527 2354 1591; x_wconf 88' lang='lat' dir='ltr'><strong>ubi</strong></span> <span class='ocrx_word' id='word_1_125' title='bbox 2399 1550 2570 1593; x_wconf 82' lang='lat' dir='ltr'><strong>vana</strong></span> <span class='ocrx_word' id='word_1_126' title='bbox 2616 1528 2762 1592; x_wconf 85' lang='lat' dir='ltr'><strong>reli·</strong></span> 
     </span>
     <span class='ocr_line' id='line_1_16' title="bbox 416 1615 2762 1703; baseline 0 -23"><span class='ocrx_word' id='word_1_127' title='bbox 416 1616 608 1701; x_wconf 89' lang='lat' dir='ltr'><strong>gione</strong></span> <span class='ocrx_word' id='word_1_128' title='bbox 646 1618 837 1699; x_wconf 89' lang='lat' dir='ltr'><strong>capta</strong></span> <span class='ocrx_word' id='word_1_129' title='bbox 874 1620 992 1700; x_wconf 89' lang='lat' dir='ltr'><strong>est,</strong></span> <span class='ocrx_word' id='word_1_130' title='bbox 1020 1616 1250 1680; x_wconf 90' lang='lat' dir='ltr'><strong>melius</strong></span> <span class='ocrx_word' id='word_1_131' title='bbox 1288 1615 1547 1681; x_wconf 84' lang='lat' dir='ltr'><strong>vatibus</strong></span> <span class='ocrx_word' id='word_1_132' title='bbox 1587 1638 1780 1701; x_wconf 88' lang='lat' dir='ltr'><strong>quam</strong></span> <span class='ocrx_word' id='word_1_133' title='bbox 1826 1616 2096 1681; x_wconf 88' lang='lat' dir='ltr'><strong>ducibus</strong></span> <span class='ocrx_word' id='word_1_134' title='bbox 2135 1616 2268 1681; x_wconf 91' lang='lat' dir='ltr'><strong>suis</strong></span> <span class='ocrx_word' id='word_1_135' title='bbox 2295 1621 2503 1701; x_wconf 89' lang='lat' dir='ltr'><strong>paret.</strong></span> <span class='ocrx_word' id='word_1_136' title='bbox 2548 1616 2762 1703; x_wconf 82' lang='lat' dir='ltr'><strong>Igitur</strong></span> 
     </span>
     <span class='ocr_line' id='line_1_17' title="bbox 412 1703 2762 1791; baseline 0.001 -22"><span class='ocrx_word' id='word_1_137' title='bbox 412 1704 591 1769; x_wconf 87' lang='lat' dir='ltr'><strong>edita</strong></span> <span class='ocrx_word' id='word_1_138' title='bbox 634 1705 701 1767; x_wconf 88' lang='lat' dir='ltr'><strong>in</strong></span> <span class='ocrx_word' id='word_1_139' title='bbox 750 1704 985 1791; x_wconf 77' lang='lat' dir='ltr'><strong>vulgus</strong></span> <span class='ocrx_word' id='word_1_140' title='bbox 1032 1703 1506 1789; x_wconf 84' lang='lat' dir='ltr'><strong>Aegyptiorum</strong></span> <span class='ocrx_word' id='word_1_141' title='bbox 1542 1727 1859 1790; x_wconf 87' lang='lat' dir='ltr'><strong>responsa</strong></span> <span class='ocrx_word' id='word_1_142' title='bbox 1895 1728 2116 1771; x_wconf 88' lang='lat' dir='ltr'><strong>rursus</strong></span> <span class='ocrx_word' id='word_1_143' title='bbox 2157 1705 2237 1770; x_wconf 88' lang='lat' dir='ltr'><strong>ad</strong></span> <span class='ocrx_word' id='word_1_144' title='bbox 2285 1726 2466 1789; x_wconf 89' lang='lat' dir='ltr'><strong>spem</strong></span> <span class='ocrx_word' id='word_1_145' title='bbox 2503 1709 2570 1770; x_wconf 90' lang='lat' dir='ltr'><strong>et</strong></span> <span class='ocrx_word' id='word_1_146' title='bbox 2604 1706 2762 1771; x_wconf 90' lang='lat' dir='ltr'><strong>fidu-</strong></span> 
     </span>
     <span class='ocr_line' id='line_1_18' title="bbox 266 1793 2872 1878; baseline 0.003 -25"><span class='ocrx_word' id='word_1_147' title='bbox 266 1800 376 1875; x_wconf 57' lang='lat' dir='ltr'><strong>,f‘s</strong></span> <span class='ocrx_word' id='word_1_148' title='bbox 413 1794 581 1857; x_wconf 90' lang='lat' dir='ltr'><strong>ciam</strong></span> <span class='ocrx_word' id='word_1_149' title='bbox 629 1815 887 1857; x_wconf 80' lang='lat' dir='ltr'><strong>erexere</strong></span> <span class='ocrx_word' id='word_1_150' title='bbox 932 1798 1286 1877; x_wconf 83' lang='lat' dir='ltr'><strong>torpentes.</strong></span> <span class='ocrx_word' id='word_1_151' title='bbox 1358 1793 1497 1858; x_wconf 83' lang='lat' dir='ltr'><strong>Rex</strong></span> <span class='ocrx_word' id='word_1_152' title='bbox 1543 1795 1790 1878; x_wconf 90' lang='lat' dir='ltr'><strong>impetu</strong></span> <span class='ocrx_word' id='word_1_153' title='bbox 1829 1795 2194 1859; x_wconf 88' lang='lat' dir='ltr'><strong>animorum</strong></span> <span class='ocrx_word' id='word_1_154' title='bbox 2231 1794 2540 1859; x_wconf 87' lang='lat' dir='ltr'><strong>utendum</strong></span> <span class='ocrx_word' id='word_1_155' title='bbox 2577 1798 2758 1859; x_wconf 88' lang='lat' dir='ltr'><strong>ratus</strong></span> <span class='ocrx_word' id='word_1_156' title='bbox 2777 1795 2872 1860; x_wconf 87' lang='lat'><strong>40</strong></span> 
     </span>
     <span class='ocr_line' id='line_1_19' title="bbox 234 1872 2761 1970; baseline 0 -24"><span class='ocrx_word' id='word_1_157' title='bbox 234 1872 265 1901; x_wconf 64' lang='lat'>²</span> <span class='ocrx_word' id='word_1_158' title='bbox 414 1881 693 1946; x_wconf 86' lang='lat' dir='ltr'><strong>secunda</strong></span> <span class='ocrx_word' id='word_1_159' title='bbox 738 1882 967 1967; x_wconf 86' lang='lat' dir='ltr'><strong>vigilia</strong></span> <span class='ocrx_word' id='word_1_160' title='bbox 1012 1885 1233 1947; x_wconf 87' lang='lat' dir='ltr'><strong>castra</strong></span> <span class='ocrx_word' id='word_1_161' title='bbox 1276 1884 1507 1947; x_wconf 85' lang='lat' dir='ltr'><strong>movit:</strong></span> <span class='ocrx_word' id='word_1_162' title='bbox 1554 1882 1780 1948; x_wconf 85' lang='lat' dir='ltr'><strong>dextra</strong></span> <span class='ocrx_word' id='word_1_163' title='bbox 1825 1883 2078 1970; x_wconf 85' lang='lat' dir='ltr'><strong>Tigrim</strong></span> <span class='ocrx_word' id='word_1_164' title='bbox 2123 1884 2440 1969; x_wconf 89' lang='lat' dir='ltr'><strong>habebat,</strong></span> <span class='ocrx_word' id='word_1_165' title='bbox 2488 1905 2527 1948; x_wconf 87' lang='lat' dir='ltr'><strong>a</strong></span> <span class='ocrx_word' id='word_1_166' title='bbox 2573 1884 2761 1948; x_wconf 85' lang='lat' dir='ltr'><strong>laeva</strong></span> 
     </span>
     <span class='ocr_line' id='line_1_20' title="bbox 341 1970 2756 2057; baseline -0.002 -18"><span class='ocrx_word' id='word_1_167' title='bbox 341 1992 373 2039; x_wconf 85' lang='lat'>9</span> <span class='ocrx_word' id='word_1_168' title='bbox 414 1976 697 2052; x_wconf 74' lang='lat' dir='ltr'><strong>monte8‚</strong></span> <span class='ocrx_word' id='word_1_169' title='bbox 753 1993 914 2056; x_wconf 89' lang='lat' dir='ltr'><strong>quos</strong></span> <span class='ocrx_word' id='word_1_170' title='bbox 972 1970 1349 2055; x_wconf 80' lang='lat' dir='ltr'><strong>Gordyaeos</strong></span> <span class='ocrx_word' id='word_1_171' title='bbox 1395 1977 1652 2039; x_wconf 84' lang='lat' dir='ltr'><strong>vocant.</strong></span> <span class='ocrx_word' id='word_1_172' title='bbox 1743 1970 1886 2036; x_wconf 89' lang='lat' dir='ltr'><strong>Hoc</strong></span> <span class='ocrx_word' id='word_1_173' title='bbox 1940 1971 2252 2057; x_wconf 89' lang='lat' dir='ltr'><strong>ingressis</strong></span> <span class='ocrx_word' id='word_1_174' title='bbox 2299 1973 2423 2036; x_wconf 91' lang='lat' dir='ltr'><strong>iter</strong></span> <span class='ocrx_word' id='word_1_175' title='bbox 2469 1971 2756 2055; x_wconf 87' lang='lat' dir='ltr'><strong>specula-</strong></span> 
     </span>
     <span class='ocr_line' id='line_1_21' title="bbox 409 2058 2756 2143; baseline -0 -18"><span class='ocrx_word' id='word_1_176' title='bbox 409 2064 603 2141; x_wconf 76' lang='lat' dir='ltr'><strong>toreS,</strong></span> <span class='ocrx_word' id='word_1_177' title='bbox 650 2060 761 2143; x_wconf 88' lang='lat' dir='ltr'><strong>qui</strong></span> <span class='ocrx_word' id='word_1_178' title='bbox 804 2060 1145 2143; x_wconf 89' lang='lat' dir='ltr'><strong>praemissi</strong></span> <span class='ocrx_word' id='word_1_179' title='bbox 1191 2062 1397 2143; x_wconf 89' lang='lat' dir='ltr'><strong>erant,</strong></span> <span class='ocrx_word' id='word_1_180' title='bbox 1444 2061 1563 2123; x_wconf 89' lang='lat' dir='ltr'><strong>sub</strong></span> <span class='ocrx_word' id='word_1_181' title='bbox 1609 2060 1774 2124; x_wconf 89' lang='lat' dir='ltr'><strong>lucis</strong></span> <span class='ocrx_word' id='word_1_182' title='bbox 1822 2063 2034 2123; x_wconf 88' lang='lat' dir='ltr'><strong>ortum</strong></span> <span class='ocrx_word' id='word_1_183' title='bbox 2074 2058 2358 2124; x_wconf 89' lang='lat' dir='ltr'><strong>Dareum</strong></span> <span class='ocrx_word' id='word_1_184' title='bbox 2405 2060 2756 2125; x_wconf 82' lang='lat' dir='ltr'><strong>adventare</strong></span> 
     </span>
     <span class='ocr_line' id='line_1_22' title="bbox 409 2147 2757 2233; baseline -0 -21"><span class='ocrx_word' id='word_1_185' title='bbox 409 2148 893 2213; x_wconf 85' lang='lat' dir='ltr'><strong>nuntiaverunt.</strong></span> <span class='ocrx_word' id='word_1_186' title='bbox 946 2148 1271 2213; x_wconf 80' lang='lat' dir='ltr'><strong>Instructo</strong></span> <span class='ocrx_word' id='word_1_187' title='bbox 1311 2148 1511 2231; x_wconf 86' lang='lat' dir='ltr'><strong>igitur</strong></span> <span class='ocrx_word' id='word_1_188' title='bbox 1549 2147 1752 2211; x_wconf 88' lang='lat' dir='ltr'><strong>milite</strong></span> <span class='ocrx_word' id='word_1_189' title='bbox 1791 2151 1856 2211; x_wconf 92' lang='lat' dir='ltr'><strong>et</strong></span> <span class='ocrx_word' id='word_1_190' title='bbox 1894 2148 2236 2231; x_wconf 86' lang='lat' dir='ltr'><strong>conposito</strong></span> <span class='ocrx_word' id='word_1_191' title='bbox 2277 2147 2542 2233; x_wconf 85' lang='lat' dir='ltr'><strong>agmine</strong></span> <span class='ocrx_word' id='word_1_192' title='bbox 2581 2152 2757 2213; x_wconf 90' lang='lat' dir='ltr'><strong>ante-</strong></span> 
     </span>
     <span class='ocr_line' id='line_1_23' title="bbox 308 2234 2759 2320; baseline -0.003 -15"><span class='ocrx_word' id='word_1_193' title='bbox 308 2258 373 2307; x_wconf 85' lang='lat'><strong>10</strong></span> <span class='ocrx_word' id='word_1_194' title='bbox 411 2236 697 2301; x_wconf 85' lang='lat' dir='ltr'><strong>cedebat.</strong></span> <span class='ocrx_word' id='word_1_195' title='bbox 764 2234 889 2299; x_wconf 84' lang='lat' dir='ltr'><strong>Sed</strong></span> <span class='ocrx_word' id='word_1_196' title='bbox 926 2235 1271 2299; x_wconf 88' lang='lat' dir='ltr'><strong>Persarum</strong></span> <span class='ocrx_word' id='word_1_197' title='bbox 1318 2238 1676 2299; x_wconf 81' lang='lat' dir='ltr'><strong>moratores</strong></span> <span class='ocrx_word' id='word_1_198' title='bbox 1717 2239 1922 2317; x_wconf 83' lang='lat' dir='ltr'><strong>erant,</strong></span> <span class='ocrx_word' id='word_1_199' title='bbox 1970 2236 2152 2300; x_wconf 86' lang='lat' dir='ltr'><strong>mille</strong></span> <span class='ocrx_word' id='word_1_200' title='bbox 2189 2234 2410 2313; x_wconf 87' lang='lat' dir='ltr'><strong>ferme,</strong></span> <span class='ocrx_word' id='word_1_201' title='bbox 2457 2236 2568 2317; x_wconf 89' lang='lat' dir='ltr'><strong>qui</strong></span> <span class='ocrx_word' id='word_1_202' title='bbox 2617 2257 2759 2320; x_wconf 89' lang='lat' dir='ltr'><strong>spe-</strong></span> 
     </span>
     <span class='ocr_line' id='line_1_24' title="bbox 412 2322 2761 2408; baseline 0 -19"><span class='ocrx_word' id='word_1_203' title='bbox 412 2328 572 2390; x_wconf 87' lang='lat' dir='ltr'><strong>ciem</strong></span> <span class='ocrx_word' id='word_1_204' title='bbox 618 2326 841 2408; x_wconf 89' lang='lat' dir='ltr'><strong>magni</strong></span> <span class='ocrx_word' id='word_1_205' title='bbox 888 2324 1167 2408; x_wconf 86' lang='lat' dir='ltr'><strong>agminis</strong></span> <span class='ocrx_word' id='word_1_206' title='bbox 1210 2322 1528 2390; x_wconf 83' lang='lat' dir='ltr'><strong>fecerant:</strong></span> <span class='ocrx_word' id='word_1_207' title='bbox 1587 2324 1827 2408; x_wconf 84' lang='lat' dir='ltr'><strong>quippe</strong></span> <span class='ocrx_word' id='word_1_208' title='bbox 1883 2323 1997 2388; x_wconf 93' lang='lat' dir='ltr'><strong>ubi</strong></span> <span class='ocrx_word' id='word_1_209' title='bbox 2055 2323 2383 2407; x_wconf 84' lang='lat' dir='ltr'><strong>explorari</strong></span> <span class='ocrx_word' id='word_1_210' title='bbox 2427 2344 2581 2388; x_wconf 85' lang='lat' dir='ltr'><strong>vera</strong></span> <span class='ocrx_word' id='word_1_211' title='bbox 2625 2344 2761 2390; x_wconf 89' lang='lat' dir='ltr'><strong>non</strong></span> 
     </span>
     <span class='ocr_line' id='line_1_25' title="bbox 306 2410 2761 2498; baseline -0.001 -16"><span class='ocrx_word' id='word_1_212' title='bbox 306 2436 370 2485; x_wconf 92' lang='lat'><strong>11</strong></span> <span class='ocrx_word' id='word_1_213' title='bbox 410 2419 714 2498; x_wconf 85' lang='lat' dir='ltr'><strong>possunt,</strong></span> <span class='ocrx_word' id='word_1_214' title='bbox 768 2412 938 2477; x_wconf 89' lang='lat' dir='ltr'><strong>falsa</strong></span> <span class='ocrx_word' id='word_1_215' title='bbox 989 2434 1105 2496; x_wconf 88' lang='lat' dir='ltr'><strong>per</strong></span> <span class='ocrx_word' id='word_1_216' title='bbox 1160 2415 1405 2477; x_wconf 89' lang='lat' dir='ltr'><strong>metum</strong></span> <span class='ocrx_word' id='word_1_217' title='bbox 1470 2416 1810 2498; x_wconf 88' lang='lat' dir='ltr'><strong>augentur.</strong></span> <span class='ocrx_word' id='word_1_218' title='bbox 1900 2411 2024 2477; x_wconf 90' lang='lat' dir='ltr'><strong>His</strong></span> <span class='ocrx_word' id='word_1_219' title='bbox 2091 2410 2374 2496; x_wconf 87' lang='lat' dir='ltr'><strong>cognitis</strong></span> <span class='ocrx_word' id='word_1_220' title='bbox 2435 2433 2552 2476; x_wconf 84' lang='lat' dir='ltr'><strong>rex</strong></span> <span class='ocrx_word' id='word_1_221' title='bbox 2613 2434 2761 2479; x_wconf 86' lang='lat' dir='ltr'><strong>cum</strong></span> 
     </span>
    </p>
   </div>
   <div class='ocr_carea' id='block_1_3' title="bbox 407 2599 2759 2890">
    <p class='ocr_par' dir='ltr' id='par_1_3' title="bbox 409 2599 2758 2678">
     <span class='ocr_line' id='line_1_26' title="bbox 409 2599 2758 2678; baseline 0.001 -20"><span class='ocrx_word' id='word_1_222' title='bbox 409 2603 648 2675; x_wconf 85' lang='lat' dir='ltr'><strong>griech.:</strong></span> <span class='ocrx_word' id='word_1_223' title='bbox 688 2600 994 2678; x_wconf 76' lang='grc' dir='ltr'><strong><em>διαβατοῦς</em></strong></span> <span class='ocrx_word' id='word_1_224' title='bbox 1032 2599 1199 2661; x_wconf 79' lang='grc' dir='ltr'><strong><em>εἶναι.</em></strong></span> <span class='ocrx_word' id='word_1_225' title='bbox 1228 2633 1296 2644; x_wconf 92' lang='lat'><strong>-—</strong></span> <span class='ocrx_word' id='word_1_226' title='bbox 1325 2605 1530 2671; x_wconf 76' lang='lat' dir='ltr'><strong>fasti·</strong></span> <span class='ocrx_word' id='word_1_227' title='bbox 1631 2600 1913 2672; x_wconf 76' lang='grc' dir='ltr'><strong><em>Ἑλλήνων</em></strong></span> <span class='ocrx_word' id='word_1_228' title='bbox 1957 2601 2340 2674; x_wconf 58' lang='lat' dir='ltr'><strong>uendentem,</strong></span> <span class='ocrx_word' id='word_1_229' title='bbox 2399 2601 2636 2674; x_wconf 76' lang='grc' dir='ltr'><strong><em>σελήνην</em></strong></span> <span class='ocrx_word' id='word_1_230' title='bbox 2691 2602 2758 2660; x_wconf 68' lang='grc' dir='ltr'><strong>δὲ</strong></span> 
     </span>
    </p>

    <p class='ocr_par' dir='ltr' id='par_1_4' title="bbox 408 2674 2757 2746">
     <span class='ocr_line' id='line_1_27' title="bbox 408 2674 2757 2746; baseline -0.001 -14"><span class='ocrx_word' id='word_1_231' title='bbox 408 2678 549 2743; x_wconf 77' lang='lat' dir='ltr'><strong>dio,</strong></span> <span class='ocrx_word' id='word_1_232' title='bbox 575 2677 744 2732; x_wconf 66' lang='lat' dir='ltr'><strong>naml.</strong></span> <span class='ocrx_word' id='word_1_233' title='bbox 774 2678 849 2732; x_wconf 80' lang='lat' dir='ltr'><strong>ei.</strong></span> <span class='ocrx_word' id='word_1_234' title='bbox 882 2705 950 2717; x_wconf 89' lang='lat'>—</span> <span class='ocrx_word' id='word_1_235' title='bbox 979 2677 1318 2743; x_wconf 76' lang='lat' dir='ltr'><strong>abdicari,</strong></span> <span class='ocrx_word' id='word_1_236' title='bbox 1340 2675 1529 2745; x_wconf 76' lang='lat' dir='ltr'><strong>jur-ist.</strong></span> <span class='ocrx_word' id='word_1_237' title='bbox 1640 2674 1847 2746; x_wconf 79' lang='grc' dir='ltr'><strong>σφέων.</strong></span> <span class='ocrx_word' id='word_1_238' title='bbox 1887 2705 1954 2716; x_wconf 87' lang='lat'><strong>—-</strong></span> <span class='ocrx_word' id='word_1_239' title='bbox 1984 2691 2357 2744; x_wconf 75' lang='lat' dir='ltr'><strong>pwynasse;</strong></span> <span class='ocrx_word' id='word_1_240' title='bbox 2401 2675 2502 2730; x_wconf 85' lang='lat' dir='ltr'><strong>der</strong></span> <span class='ocrx_word' id='word_1_241' title='bbox 2535 2674 2757 2746; x_wconf 86' lang='lat' dir='ltr'><strong>Haupt-</strong></span> 
     </span>
    </p>

    <p class='ocr_par' dir='ltr' id='par_1_5' title="bbox 407 2746 2759 2890">
     <span class='ocr_line' id='line_1_28' title="bbox 407 2746 2759 2818; baseline 0 -16"><span class='ocrx_word' id='word_1_242' title='bbox 407 2751 449 2804; x_wconf 92' lang='lat' dir='ltr'><strong>t.</strong></span> <span class='ocrx_word' id='word_1_243' title='bbox 471 2749 513 2804; x_wconf 87' lang='lat' dir='ltr'><strong>t.</strong></span> <span class='ocrx_word' id='word_1_244' title='bbox 542 2756 655 2803; x_wconf 79' lang='lat' dir='ltr'><strong>v&#39;on</strong></span> <span class='ocrx_word' id='word_1_245' title='bbox 674 2748 772 2804; x_wconf 88' lang='lat' dir='ltr'><strong>der</strong></span> <span class='ocrx_word' id='word_1_246' title='bbox 789 2747 1117 2803; x_wconf 85' lang='lat' dir='ltr'><strong>feierlichen</strong></span> <span class='ocrx_word' id='word_1_247' title='bbox 1133 2746 1530 2818; x_wconf 80' lang='lat' dir='ltr'><strong>Verstol&#39;sung.</strong></span> <span class='ocrx_word' id='word_1_248' title='bbox 1637 2752 1740 2802; x_wconf 87' lang='lat' dir='ltr'><strong>ton</strong></span> <span class='ocrx_word' id='word_1_249' title='bbox 1759 2748 1900 2818; x_wconf 85' lang='lat' dir='ltr'><strong>liegt</strong></span> <span class='ocrx_word' id='word_1_250' title='bbox 1919 2747 2022 2800; x_wconf 82' lang='lat' dir='ltr'><strong>auf</strong></span> <span class='ocrx_word' id='word_1_251' title='bbox 2035 2747 2278 2802; x_wconf 76' lang='lat' dir='ltr'><strong>adversis</strong></span> <span class='ocrx_word' id='word_1_252' title='bbox 2297 2747 2404 2814; x_wconf 73' lang='lat' dir='ltr'><strong>dis,</strong></span> <span class='ocrx_word' id='word_1_253' title='bbox 2433 2764 2550 2802; x_wconf 84' lang='lat' dir='ltr'><strong>was</strong></span> <span class='ocrx_word' id='word_1_254' title='bbox 2570 2749 2759 2818; x_wconf 86' lang='lat' dir='ltr'><strong>gleich</strong></span> 
     </span>
     <span class='ocr_line' id='line_1_29' title="bbox 479 2813 2512 2890; baseline -0 -17"><span class='ocrx_word' id='word_1_255' title='bbox 479 2825 530 2874; x_wconf 83' lang='lat'><strong>4.</strong></span> <span class='ocrx_word' id='word_1_256' title='bbox 564 2836 772 2890; x_wconf 76' lang='lat' dir='ltr'><strong>prope</strong></span> <span class='ocrx_word' id='word_1_257' title='bbox 806 2821 1226 2886; x_wconf 78' lang='lat' dir='ltr'><strong>seditionem,</strong></span> <span class='ocrx_word' id='word_1_258' title='bbox 1264 2836 1307 2874; x_wconf 83' lang='lat' dir='ltr'><strong>s.</strong></span> <span class='ocrx_word' id='word_1_259' title='bbox 1346 2819 1409 2872; x_wconf 87' lang='lat' dir='ltr'><strong>E.</strong></span> <span class='ocrx_word' id='word_1_260' title='bbox 1442 2823 1527 2873; x_wconf 82' lang='lat'><strong>51.</strong></span> <span class='ocrx_word' id='word_1_261' title='bbox 1633 2813 1839 2888; x_wconf 75' lang='grc' dir='ltr'><strong><em>’ἀέκητι</em></strong></span> <span class='ocrx_word' id='word_1_262' title='bbox 1875 2819 2034 2871; x_wconf 77' lang='grc' dir='ltr'><strong><em>θεῶν</em></strong></span> <span class='ocrx_word' id='word_1_263' title='bbox 2071 2818 2162 2873; x_wconf 85' lang='lat' dir='ltr'><strong>ist.</strong></span> <span class='ocrx_word' id='word_1_264' title='bbox 2509 2823 2512 2826; x_wconf 84' lang='grc'><strong><em>’</em></strong></span> 
     </span>
    </p>
   </div>
   <div class='ocr_carea' id='block_1_4' title="bbox 3062 868 3065 1521">
    <p class='ocr_par' dir='ltr' id='par_1_6' title="bbox 3062 868 3065 1521">
     <span class='ocr_line' id='line_1_30' title="bbox 3062 868 3065 1521; baseline 0 0"><span class='ocrx_word' id='word_1_265' title='bbox 3062 868 3065 1521; x_wconf 95' lang='lat' dir='ltr'><strong> </strong></span> 
     </span>
    </p>
   </div>
   <div class='ocr_carea' id='block_1_5' title="bbox 407 2890 1531 3243">
    <p class='ocr_par' dir='ltr' id='par_1_7' title="bbox 407 2890 1531 3243">
     <span class='ocr_line' id='line_1_31' title="bbox 412 2890 1531 2961; baseline -0.002 -15"><span class='ocrx_word' id='word_1_266' title='bbox 412 2922 477 2932; x_wconf 90' lang='lat'>-</span> <span class='ocrx_word' id='word_1_267' title='bbox 508 2893 862 2961; x_wconf 78' lang='lat' dir='ltr'><strong>praetorio</strong></span> <span class='ocrx_word' id='word_1_268' title='bbox 906 2890 997 2944; x_wconf 78' lang='lat' dir='ltr'><strong>ffir</strong></span> <span class='ocrx_word' id='word_1_269' title='bbox 1042 2892 1117 2944; x_wconf 84' lang='lat' dir='ltr'><strong>ad</strong></span> <span class='ocrx_word' id='word_1_270' title='bbox 1156 2892 1531 2959; x_wconf 75' lang='lat' dir='ltr'><strong>praetorium;</strong></span> 
     </span>
     <span class='ocr_line' id='line_1_32' title="bbox 410 2961 1527 3016; baseline 0 0"><span class='ocrx_word' id='word_1_271' title='bbox 410 2963 499 3016; x_wconf 82' lang='lat' dir='ltr'><strong>die</strong></span> <span class='ocrx_word' id='word_1_272' title='bbox 545 2961 838 3016; x_wconf 85' lang='lat' dir='ltr'><strong>Klassiker</strong></span> <span class='ocrx_word' id='word_1_273' title='bbox 882 2962 1193 3015; x_wconf 82' lang='lat' dir='ltr'><strong>verbinden</strong></span> <span class='ocrx_word' id='word_1_274' title='bbox 1236 2962 1419 3016; x_wconf 74' lang='lat' dir='ltr'><strong>adesse</strong></span> <span class='ocrx_word' id='word_1_275' title='bbox 1465 2977 1527 3016; x_wconf 86' lang='lat' dir='ltr'><strong>so</strong></span> 
     </span>
     <span class='ocr_line' id='line_1_33' title="bbox 407 3032 1529 3102; baseline -0.001 -15"><span class='ocrx_word' id='word_1_276' title='bbox 407 3050 513 3087; x_wconf 88' lang='lat' dir='ltr'><strong>nur</strong></span> <span class='ocrx_word' id='word_1_277' title='bbox 549 3032 657 3086; x_wconf 89' lang='lat' dir='ltr'><strong>mit</strong></span> <span class='ocrx_word' id='word_1_278' title='bbox 692 3034 982 3102; x_wconf 69' lang='grc' dir='ltr'><strong><em>οοῑῑοςχαίο,</em></strong></span> <span class='ocrx_word' id='word_1_279' title='bbox 1012 3048 1255 3101; x_wconf 75' lang='lat' dir='ltr'><strong>puynae,</strong></span> <span class='ocrx_word' id='word_1_280' title='bbox 1293 3033 1529 3087; x_wconf 79' lang='lat' dir='ltr'><strong>comitiis</strong></span> 
     </span>
     <span class='ocr_line' id='line_1_34' title="bbox 408 3101 1529 3171; baseline 0.001 -14"><span class='ocrx_word' id='word_1_281' title='bbox 408 3122 461 3158; x_wconf 92' lang='lat' dir='ltr'><strong>u.</strong></span> <span class='ocrx_word' id='word_1_282' title='bbox 502 3107 551 3157; x_wconf 68' lang='lat' dir='ltr'><strong>a.</strong></span> <span class='ocrx_word' id='word_1_283' title='bbox 591 3103 708 3168; x_wconf 83' lang='lat' dir='ltr'><strong>W.;</strong></span> <span class='ocrx_word' id='word_1_284' title='bbox 757 3105 891 3157; x_wconf 82' lang='lat' dir='ltr'><strong>aber</strong></span> <span class='ocrx_word' id='word_1_285' title='bbox 926 3101 1022 3156; x_wconf 85' lang='lat' dir='ltr'><strong>bei</strong></span> <span class='ocrx_word' id='word_1_286' title='bbox 1066 3101 1184 3158; x_wconf 85' lang='lat' dir='ltr'><strong>Liv.</strong></span> <span class='ocrx_word' id='word_1_287' title='bbox 1224 3102 1301 3157; x_wconf 85' lang='lat' dir='ltr'><strong>ist</strong></span> <span class='ocrx_word' id='word_1_288' title='bbox 1329 3119 1529 3171; x_wconf 77' lang='lat' dir='ltr'><strong>prae-</strong></span> 
     </span>
     <span class='ocr_line' id='line_1_35' title="bbox 408 3173 1527 3243; baseline 0.001 -15"><span class='ocrx_word' id='word_1_289' title='bbox 408 3175 656 3229; x_wconf 77' lang='lat' dir='ltr'><strong>torium</strong></span> <span class='ocrx_word' id='word_1_290' title='bbox 692 3174 867 3228; x_wconf 73' lang='lat' dir='ltr'><strong>efters</strong></span> <span class='ocrx_word' id='word_1_291' title='bbox 904 3190 947 3228; x_wconf 89' lang='lat' dir='ltr'><strong>s.</strong></span> <span class='ocrx_word' id='word_1_292' title='bbox 978 3191 1029 3228; x_wconf 86' lang='lat' dir='ltr'><strong>v.</strong></span> <span class='ocrx_word' id='word_1_293' title='bbox 1060 3189 1109 3228; x_wconf 91' lang='lat' dir='ltr'><strong>a.</strong></span> <span class='ocrx_word' id='word_1_294' title='bbox 1150 3173 1527 3243; x_wconf 87' lang='lat' dir='ltr'><strong>Kriegsrat.</strong></span> 
     </span>
    </p>
   </div>
   <div class='ocr_carea' id='block_1_6' title="bbox 482 3243 1704 3314">
    <p class='ocr_par' dir='ltr' id='par_1_8' title="bbox 482 3243 1704 3314">
     <span class='ocr_line' id='line_1_36' title="bbox 482 3243 1704 3314; baseline 0 -15"><span class='ocrx_word' id='word_1_295' title='bbox 482 3250 531 3300; x_wconf 79' lang='grc' dir='ltr'><strong>ὅ.</strong></span> <span class='ocrx_word' id='word_1_296' title='bbox 561 3251 927 3314; x_wconf 80' lang='lat' dir='ltr'><strong>temporum</strong></span> <span class='ocrx_word' id='word_1_297' title='bbox 945 3245 1051 3299; x_wconf 88' lang='lat' dir='ltr'><strong>etc.</strong></span> <span class='ocrx_word' id='word_1_298' title='bbox 1093 3243 1374 3298; x_wconf 76' lang='lat' dir='ltr'><strong>Sinnzdie</strong></span> <span class='ocrx_word' id='word_1_299' title='bbox 1396 3245 1529 3299; x_wconf 83' lang='lat' dir='ltr'><strong>Ent-</strong></span> <span class='ocrx_word' id='word_1_300' title='bbox 1638 3286 1652 3299; x_wconf 93' lang='lat'><strong>.</strong></span> <span class='ocrx_word' id='word_1_301' title='bbox 1693 3287 1704 3299; x_wconf 87' lang='lat'><strong>.</strong></span> 
     </span>
    </p>
   </div>
   <div class='ocr_carea' id='block_1_7' title="bbox 341 3314 1534 4455">
    <p class='ocr_par' dir='ltr' id='par_1_9' title="bbox 398 3314 1531 4082">
     <span class='ocr_line' id='line_1_37' title="bbox 411 3314 1528 3386; baseline -0.001 -15"><span class='ocrx_word' id='word_1_302' title='bbox 411 3315 732 3384; x_wconf 79' lang='lat' dir='ltr'><strong>wickelung</strong></span> <span class='ocrx_word' id='word_1_303' title='bbox 768 3316 867 3370; x_wconf 87' lang='lat' dir='ltr'><strong>der</strong></span> <span class='ocrx_word' id='word_1_304' title='bbox 890 3314 1311 3370; x_wconf 86' lang='lat' dir='ltr'><strong>menschliehen</strong></span> <span class='ocrx_word' id='word_1_305' title='bbox 1344 3315 1528 3386; x_wconf 84' lang='lat' dir='ltr'><strong>Dinge</strong></span> 
     </span>
     <span class='ocr_line' id='line_1_38' title="bbox 410 3386 1528 3457; baseline 0 -17"><span class='ocrx_word' id='word_1_306' title='bbox 410 3387 735 3442; x_wconf 83' lang='lat' dir='ltr'><strong>durchlaufe</strong></span> <span class='ocrx_word' id='word_1_307' title='bbox 773 3388 1007 3457; x_wconf 85' lang='lat' dir='ltr'><strong>gewisse</strong></span> <span class='ocrx_word' id='word_1_308' title='bbox 1042 3386 1120 3440; x_wconf 90' lang='lat' dir='ltr'><strong>im</strong></span> <span class='ocrx_word' id='word_1_309' title='bbox 1158 3402 1359 3441; x_wconf 83' lang='lat' dir='ltr'><strong>vorans</strong></span> <span class='ocrx_word' id='word_1_310' title='bbox 1395 3386 1528 3440; x_wconf 88' lang='lat' dir='ltr'><strong>fest-</strong></span> 
     </span>
     <span class='ocr_line' id='line_1_39' title="bbox 408 3458 1527 3528; baseline -0.001 -15"><span class='ocrx_word' id='word_1_311' title='bbox 408 3458 659 3528; x_wconf 79' lang='lat' dir='ltr'><strong>gesetzte</strong></span> <span class='ocrx_word' id='word_1_312' title='bbox 703 3459 949 3526; x_wconf 80' lang='lat' dir='ltr'><strong>Phasen3</strong></span> <span class='ocrx_word' id='word_1_313' title='bbox 1010 3458 1126 3526; x_wconf 84' lang='lat' dir='ltr'><strong>vgl.</strong></span> <span class='ocrx_word' id='word_1_314' title='bbox 1173 3463 1349 3512; x_wconf 77' lang='lat' dir='ltr'><strong>statas</strong></span> <span class='ocrx_word' id='word_1_315' title='bbox 1401 3463 1527 3512; x_wconf 81' lang='lat' dir='ltr'><strong>tem-</strong></span> 
     </span>
     <span class='ocr_line' id='line_1_40' title="bbox 398 3531 1529 3598; baseline -0.002 -14"><span class='ocrx_word' id='word_1_316' title='bbox 398 3546 604 3598; x_wconf 74' lang='lat' dir='ltr'><strong>porum</strong></span> <span class='ocrx_word' id='word_1_317' title='bbox 639 3531 781 3584; x_wconf 79' lang='lat' dir='ltr'><strong>vices</strong></span> <span class='ocrx_word' id='word_1_318' title='bbox 826 3535 875 3583; x_wconf 88' lang='lat'><strong>5.</strong></span> <span class='ocrx_word' id='word_1_319' title='bbox 922 3535 968 3582; x_wconf 91' lang='lat'><strong>1.</strong></span> <span class='ocrx_word' id='word_1_320' title='bbox 1008 3534 1103 3596; x_wconf 80' lang='lat'><strong>223</strong></span> <span class='ocrx_word' id='word_1_321' title='bbox 1150 3533 1201 3583; x_wconf 87' lang='lat'><strong>8.</strong></span> <span class='ocrx_word' id='word_1_322' title='bbox 1243 3535 1291 3583; x_wconf 83' lang='lat'><strong>9.</strong></span> <span class='ocrx_word' id='word_1_323' title='bbox 1333 3534 1418 3582; x_wconf 82' lang='lat'><strong>13.</strong></span> <span class='ocrx_word' id='word_1_324' title='bbox 1456 3559 1529 3569; x_wconf 89' lang='lat'><strong>-·</strong></span> 
     </span>
     <span class='ocr_line' id='line_1_41' title="bbox 409 3599 1527 3655; baseline -0.002 -1"><span class='ocrx_word' id='word_1_325' title='bbox 409 3602 683 3655; x_wconf 71' lang='lat' dir='ltr'><strong>subiret.</strong></span> <span class='ocrx_word' id='word_1_326' title='bbox 732 3599 893 3654; x_wconf 83' lang='lat' dir='ltr'><strong>Sinn:</strong></span> <span class='ocrx_word' id='word_1_327' title='bbox 932 3617 1097 3655; x_wconf 80' lang='lat' dir='ltr'><strong>wenn</strong></span> <span class='ocrx_word' id='word_1_328' title='bbox 1134 3616 1194 3655; x_wconf 86' lang='lat' dir='ltr'><strong>er</strong></span> <span class='ocrx_word' id='word_1_329' title='bbox 1220 3600 1409 3654; x_wconf 85' lang='lat' dir='ltr'><strong>hinter</strong></span> <span class='ocrx_word' id='word_1_330' title='bbox 1435 3599 1527 3653; x_wconf 86' lang='lat' dir='ltr'><strong>die</strong></span> 
     </span>
     <span class='ocr_line' id='line_1_42' title="bbox 408 3670 1528 3741; baseline -0.001 -16"><span class='ocrx_word' id='word_1_331' title='bbox 408 3671 556 3726; x_wconf 80' lang='lat' dir='ltr'><strong>Erde</strong></span> <span class='ocrx_word' id='word_1_332' title='bbox 592 3673 739 3726; x_wconf 89' lang='lat' dir='ltr'><strong>trete</strong></span> <span class='ocrx_word' id='word_1_333' title='bbox 768 3672 991 3741; x_wconf 79' lang='lat' dir='ltr'><strong>(subire)</strong></span> <span class='ocrx_word' id='word_1_334' title='bbox 1032 3670 1197 3727; x_wconf 86' lang='lat' dir='ltr'><strong>oder</strong></span> <span class='ocrx_word' id='word_1_335' title='bbox 1232 3672 1408 3726; x_wconf 81' lang='lat' dir='ltr'><strong>durch</strong></span> <span class='ocrx_word' id='word_1_336' title='bbox 1436 3671 1528 3725; x_wconf 90' lang='lat' dir='ltr'><strong>die</strong></span> 
     </span>
     <span class='ocr_line' id='line_1_43' title="bbox 412 3742 1531 3811; baseline -0.001 -14"><span class='ocrx_word' id='word_1_337' title='bbox 412 3743 596 3798; x_wconf 88' lang='lat' dir='ltr'><strong>Sonne</strong></span> <span class='ocrx_word' id='word_1_338' title='bbox 659 3742 997 3798; x_wconf 84' lang='lat' dir='ltr'><strong>verdunkelt</strong></span> <span class='ocrx_word' id='word_1_339' title='bbox 1066 3742 1281 3810; x_wconf 77' lang='lat' dir='ltr'><strong>werde3</strong></span> <span class='ocrx_word' id='word_1_340' title='bbox 1347 3743 1531 3811; x_wconf 76' lang='lat' dir='ltr'><strong>premi</strong></span> 
     </span>
     <span class='ocr_line' id='line_1_44' title="bbox 414 3811 1530 3883; baseline 0 -15"><span class='ocrx_word' id='word_1_341' title='bbox 414 3812 808 3868; x_wconf 80' lang='lat' dir='ltr'><strong>‘verdunkeln’</strong></span> <span class='ocrx_word' id='word_1_342' title='bbox 848 3813 925 3866; x_wconf 88' lang='lat' dir='ltr'><strong>ist</strong></span> <span class='ocrx_word' id='word_1_343' title='bbox 952 3814 1225 3883; x_wconf 85' lang='lat' dir='ltr'><strong>poetiseh.</strong></span> <span class='ocrx_word' id='word_1_344' title='bbox 1276 3811 1399 3867; x_wconf 83' lang='lat' dir='ltr'><strong>Nur</strong></span> <span class='ocrx_word' id='word_1_345' title='bbox 1426 3812 1530 3868; x_wconf 86' lang='lat' dir='ltr'><strong>das</strong></span> 
     </span>
     <span class='ocr_line' id='line_1_45' title="bbox 410 3883 1531 3954; baseline -0.001 -15"><span class='ocrx_word' id='word_1_346' title='bbox 410 3886 619 3940; x_wconf 89' lang='lat' dir='ltr'><strong>erstere</strong></span> <span class='ocrx_word' id='word_1_347' title='bbox 655 3885 733 3939; x_wconf 86' lang='lat' dir='ltr'><strong>ist</strong></span> <span class='ocrx_word' id='word_1_348' title='bbox 766 3883 1002 3954; x_wconf 79' lang='lat' dir='ltr'><strong>richtig3</strong></span> <span class='ocrx_word' id='word_1_349' title='bbox 1056 3884 1157 3937; x_wconf 87' lang='lat' dir='ltr'><strong>das</strong></span> <span class='ocrx_word' id='word_1_350' title='bbox 1194 3885 1377 3953; x_wconf 77' lang='lat' dir='ltr'><strong>premi</strong></span> <span class='ocrx_word' id='word_1_351' title='bbox 1421 3885 1531 3939; x_wconf 75' lang='lat' dir='ltr'><strong>sole</strong></span> 
     </span>
     <span class='ocr_line' id='line_1_46' title="bbox 411 3954 1528 4025; baseline -0.002 -15"><span class='ocrx_word' id='word_1_352' title='bbox 411 3956 655 4012; x_wconf 79' lang='lat' dir='ltr'><strong>bewirkt</strong></span> <span class='ocrx_word' id='word_1_353' title='bbox 692 3956 782 4010; x_wconf 91' lang='lat' dir='ltr'><strong>die</strong></span> <span class='ocrx_word' id='word_1_354' title='bbox 820 3956 1207 4025; x_wconf 85' lang='lat' dir='ltr'><strong>Erseheinung</strong></span> <span class='ocrx_word' id='word_1_355' title='bbox 1244 3955 1342 4020; x_wconf 80' lang='lat' dir='ltr'><strong>des</strong></span> <span class='ocrx_word' id='word_1_356' title='bbox 1378 3954 1528 4009; x_wconf 84' lang='lat' dir='ltr'><strong>Neu-</strong></span> 
     </span>
     <span class='ocr_line' id='line_1_47' title="bbox 409 4029 658 4082; baseline 0.008 -2"><span class='ocrx_word' id='word_1_357' title='bbox 409 4029 658 4082; x_wconf 77' lang='lat' dir='ltr'><strong>mundes,</strong></span> 
     </span>
    </p>

    <p class='ocr_par' dir='ltr' id='par_1_10' title="bbox 341 4097 1534 4455">
     <span class='ocr_line' id='line_1_48' title="bbox 482 4097 1530 4154; baseline -0.002 -2"><span class='ocrx_word' id='word_1_358' title='bbox 482 4103 533 4153; x_wconf 83' lang='lat'><strong>6.</strong></span> <span class='ocrx_word' id='word_1_359' title='bbox 608 4115 743 4154; x_wconf 77' lang='lat' dir='ltr'><strong>esse</strong></span> <span class='ocrx_word' id='word_1_360' title='bbox 788 4099 1016 4154; x_wconf 79' lang='lat' dir='ltr'><strong>Graec.</strong></span> <span class='ocrx_word' id='word_1_361' title='bbox 1084 4098 1135 4152; x_wconf 87' lang='lat' dir='ltr'><strong>d.</strong></span> <span class='ocrx_word' id='word_1_362' title='bbox 1183 4097 1238 4150; x_wconf 89' lang='lat' dir='ltr'><strong>h.</strong></span> <span class='ocrx_word' id='word_1_363' title='bbox 1296 4097 1378 4150; x_wconf 83' lang='lat' dir='ltr'><strong>sei</strong></span> <span class='ocrx_word' id='word_1_364' title='bbox 1432 4097 1530 4151; x_wconf 87' lang='lat' dir='ltr'><strong>der</strong></span> 
     </span>
     <span class='ocr_line' id='line_1_49' title="bbox 341 4167 1529 4232; baseline 0.003 -12"><span class='ocrx_word' id='word_1_365' title='bbox 341 4226 346 4232; x_wconf 55' lang='grc'><em>,</em></span> <span class='ocrx_word' id='word_1_366' title='bbox 412 4167 689 4224; x_wconf 84' lang='lat' dir='ltr'><strong>Griechen</strong></span> <span class='ocrx_word' id='word_1_367' title='bbox 736 4170 1099 4225; x_wconf 74' lang='lat' dir='ltr'><strong>schfitzendes</strong></span> <span class='ocrx_word' id='word_1_368' title='bbox 1138 4167 1379 4224; x_wconf 83' lang='lat' dir='ltr'><strong>Gestirn.</strong></span> <span class='ocrx_word' id='word_1_369' title='bbox 1456 4168 1529 4223; x_wconf 86' lang='lat' dir='ltr'><strong>So</strong></span> 
     </span>
     <span class='ocr_line' id='line_1_50' title="bbox 412 4237 1529 4312; baseline 0.003 -23"><span class='ocrx_word' id='word_1_370' title='bbox 412 4237 617 4293; x_wconf 86' lang='lat' dir='ltr'><strong>deuten</strong></span> <span class='ocrx_word' id='word_1_371' title='bbox 661 4241 755 4296; x_wconf 87' lang='lat' dir='ltr'><strong>die</strong></span> <span class='ocrx_word' id='word_1_372' title='bbox 801 4242 1019 4312; x_wconf 86' lang='lat' dir='ltr'><strong>Magier</strong></span> <span class='ocrx_word' id='word_1_373' title='bbox 1066 4241 1157 4296; x_wconf 88' lang='lat' dir='ltr'><strong>die</strong></span> <span class='ocrx_word' id='word_1_374' title='bbox 1206 4239 1529 4294; x_wconf 85' lang='lat' dir='ltr'><strong>Sonnenfin-</strong></span> 
     </span>
     <span class='ocr_line' id='line_1_51' title="bbox 414 4307 1532 4382; baseline 0.005 -25"><span class='ocrx_word' id='word_1_375' title='bbox 414 4307 614 4362; x_wconf 87' lang='lat' dir='ltr'><strong>sternis</strong></span> <span class='ocrx_word' id='word_1_376' title='bbox 651 4311 749 4366; x_wconf 87' lang='lat' dir='ltr'><strong>des</strong></span> <span class='ocrx_word' id='word_1_377' title='bbox 779 4313 980 4368; x_wconf 78' lang='lat' dir='ltr'><strong>Jahres</strong></span> <span class='ocrx_word' id='word_1_378' title='bbox 1018 4317 1123 4368; x_wconf 83' lang='lat'><strong>480</strong></span> <span class='ocrx_word' id='word_1_379' title='bbox 1161 4315 1285 4382; x_wconf 77' lang='lat'>(478</span> <span class='ocrx_word' id='word_1_380' title='bbox 1304 4312 1353 4382; x_wconf 78' lang='lat'><strong>‘?)</strong></span> <span class='ocrx_word' id='word_1_381' title='bbox 1386 4311 1532 4364; x_wconf 85' lang='lat' dir='ltr'><strong>nach</strong></span> 
     </span>
     <span class='ocr_line' id='line_1_52' title="bbox 412 4375 1534 4455; baseline 0.006 -27"><span class='ocrx_word' id='word_1_382' title='bbox 412 4375 617 4432; x_wconf 84' lang='lat' dir='ltr'><strong>Herod.</strong></span> <span class='ocrx_word' id='word_1_383' title='bbox 659 4388 707 4436; x_wconf 79' lang='lat'><strong>7.</strong></span> <span class='ocrx_word' id='word_1_384' title='bbox 746 4389 840 4439; x_wconf 77' lang='lat'><strong>37:</strong></span> <span class='ocrx_word' id='word_1_385' title='bbox 887 4383 1145 4455; x_wconf 76' lang='grc' dir='ltr'><strong><em>λέγοντες</em></strong></span> <span class='ocrx_word' id='word_1_386' title='bbox 1179 4377 1340 4453; x_wconf 79' lang='grc' dir='ltr'><strong><em>ἥλιον</em></strong></span> <span class='ocrx_word' id='word_1_387' title='bbox 1378 4379 1534 4437; x_wconf 76' lang='grc' dir='ltr'><strong><em>εἶναι</em></strong></span> 
     </span>
    </p>
   </div>
   <div class='ocr_carea' id='block_1_8' title="bbox 1635 2889 2800 4450">
    <p class='ocr_par' dir='ltr' id='par_1_11' title="bbox 1637 2889 2760 3100">
     <span class='ocr_line' id='line_1_53' title="bbox 1711 2889 2760 2958; baseline -0.002 -14"><span class='ocrx_word' id='word_1_388' title='bbox 1711 2896 1759 2944; x_wconf 82' lang='grc'><strong>7.</strong></span> <span class='ocrx_word' id='word_1_389' title='bbox 1799 2889 2111 2958; x_wconf 77' lang='lat' dir='ltr'><strong>alioquin</strong></span> <span class='ocrx_word' id='word_1_390' title='bbox 2148 2907 2188 2943; x_wconf 89' lang='lat' dir='ltr'><strong>s.</strong></span> <span class='ocrx_word' id='word_1_391' title='bbox 2227 2889 2290 2942; x_wconf 82' lang='grc' dir='ltr'><strong>Ε.</strong></span> <span class='ocrx_word' id='word_1_392' title='bbox 2331 2893 2417 2944; x_wconf 81' lang='grc'><strong>59.</strong></span> <span class='ocrx_word' id='word_1_393' title='bbox 2458 2920 2525 2929; x_wconf 92' lang='lat'><strong>—-</strong></span> <span class='ocrx_word' id='word_1_394' title='bbox 2575 2890 2760 2943; x_wconf 74' lang='lat' dir='ltr'><strong>edita</strong></span> 
     </span>
     <span class='ocr_line' id='line_1_54' title="bbox 1637 2962 2754 3030; baseline -0.001 -16"><span class='ocrx_word' id='word_1_395' title='bbox 1637 2963 1711 3014; x_wconf 82' lang='lat' dir='ltr'><strong>in</strong></span> <span class='ocrx_word' id='word_1_396' title='bbox 1745 2962 1988 3030; x_wconf 70' lang='lat' dir='ltr'><strong>vulqus</strong></span> <span class='ocrx_word' id='word_1_397' title='bbox 2025 2977 2066 3014; x_wconf 80' lang='lat' dir='ltr'><strong>s.</strong></span> <span class='ocrx_word' id='word_1_398' title='bbox 2107 2965 2156 3014; x_wconf 82' lang='lat'><strong>3.</strong></span> <span class='ocrx_word' id='word_1_399' title='bbox 2197 2967 2246 3015; x_wconf 83' lang='lat'><strong>3.</strong></span> <span class='ocrx_word' id='word_1_400' title='bbox 2289 2966 2336 3016; x_wconf 83' lang='grc'><strong>’1.</strong></span> <span class='ocrx_word' id='word_1_401' title='bbox 2368 2991 2436 3001; x_wconf 93' lang='lat'><strong>—-</strong></span> <span class='ocrx_word' id='word_1_402' title='bbox 2473 2975 2754 3015; x_wconf 71' lang='lat' dir='ltr'><strong>erexere.</strong></span> 
     </span>
     <span class='ocr_line' id='line_1_55' title="bbox 1638 3023 2754 3100; baseline -0.002 -14"><span class='ocrx_word' id='word_1_403' title='bbox 1638 3032 1768 3100; x_wconf 89' lang='lat' dir='ltr'><strong>Vgl.</strong></span> <span class='ocrx_word' id='word_1_404' title='bbox 1797 3033 1873 3086; x_wconf 76' lang='lat' dir='ltr'><strong>ad</strong></span> <span class='ocrx_word' id='word_1_405' title='bbox 1898 3048 2045 3100; x_wconf 78' lang='lat' dir='ltr'><strong>spem</strong></span> <span class='ocrx_word' id='word_1_406' title='bbox 2071 3035 2356 3085; x_wconf 74' lang='lat' dir='ltr'><strong>erexerant</strong></span> <span class='ocrx_word' id='word_1_407' title='bbox 2383 3032 2596 3085; x_wconf 80' lang='lat' dir='ltr'><strong>animos</strong></span> <span class='ocrx_word' id='word_1_408' title='bbox 2625 3023 2690 3087; x_wconf 55' lang='lat'><strong>7?</strong></span> <span class='ocrx_word' id='word_1_409' title='bbox 2707 3036 2754 3084; x_wconf 86' lang='lat'><strong>1.</strong></span> 
     </span>
    </p>

    <p class='ocr_par' dir='ltr' id='par_1_12' title="bbox 1635 3101 2759 3951">
     <span class='ocr_line' id='line_1_56' title="bbox 1711 3101 2758 3170; baseline -0.002 -14"><span class='ocrx_word' id='word_1_410' title='bbox 1711 3109 1759 3157; x_wconf 91' lang='grc'><strong>8.</strong></span> <span class='ocrx_word' id='word_1_411' title='bbox 1797 3103 2048 3170; x_wconf 79' lang='lat' dir='ltr'><strong>impetu</strong></span> <span class='ocrx_word' id='word_1_412' title='bbox 2084 3103 2457 3157; x_wconf 77' lang='lat' dir='ltr'><strong>animorum</strong></span> <span class='ocrx_word' id='word_1_413' title='bbox 2483 3101 2589 3155; x_wconf 82' lang='lat' dir='ltr'><strong>wie</strong></span> <span class='ocrx_word' id='word_1_414' title='bbox 2609 3102 2758 3155; x_wconf 88' lang='lat' dir='ltr'><strong>oben</strong></span> 
     </span>
     <span class='ocr_line' id='line_1_57' title="bbox 1639 3172 2759 3228; baseline -0.001 -2"><span class='ocrx_word' id='word_1_415' title='bbox 1639 3177 1688 3227; x_wconf 89' lang='lat'><strong>1.</strong></span> <span class='ocrx_word' id='word_1_416' title='bbox 1727 3178 1796 3227; x_wconf 77' lang='lat'><strong>29</strong></span> <span class='ocrx_word' id='word_1_417' title='bbox 1833 3174 2096 3228; x_wconf 79' lang='lat' dir='ltr'><strong>utendmn</strong></span> <span class='ocrx_word' id='word_1_418' title='bbox 2131 3173 2348 3227; x_wconf 77' lang='lat' dir='ltr'><strong>animis,</strong></span> <span class='ocrx_word' id='word_1_419' title='bbox 2400 3203 2466 3212; x_wconf 92' lang='lat'><strong>—</strong></span> <span class='ocrx_word' id='word_1_420' title='bbox 2513 3172 2759 3226; x_wconf 77' lang='lat' dir='ltr'><strong>dextra</strong></span> 
     </span>
     <span class='ocr_line' id='line_1_58' title="bbox 1754 3240 2758 3312; baseline -0.002 -14"><span class='ocrx_word' id='word_1_421' title='bbox 1754 3262 1792 3298; x_wconf 85' lang='lat' dir='ltr'><strong>a</strong></span> <span class='ocrx_word' id='word_1_422' title='bbox 1836 3245 2052 3312; x_wconf 76' lang='lat' dir='ltr'><strong>laeva,</strong></span> <span class='ocrx_word' id='word_1_423' title='bbox 2097 3243 2425 3309; x_wconf 80' lang='lat' dir='ltr'><strong>inkonzinn3</strong></span> <span class='ocrx_word' id='word_1_424' title='bbox 2477 3240 2610 3296; x_wconf 87' lang='lat' dir='ltr'><strong>aber</strong></span> <span class='ocrx_word' id='word_1_425' title='bbox 2657 3242 2758 3296; x_wconf 88' lang='lat' dir='ltr'><strong>der</strong></span> 
     </span>
     <span class='ocr_line' id='line_1_59' title="bbox 1636 3312 2756 3370; baseline -0.003 -1"><span class='ocrx_word' id='word_1_426' title='bbox 1636 3313 1816 3370; x_wconf 77' lang='lat' dir='ltr'><strong>blosse</strong></span> <span class='ocrx_word' id='word_1_427' title='bbox 1836 3314 1964 3370; x_wconf 86' lang='lat' dir='ltr'><strong>Abl.</strong></span> <span class='ocrx_word' id='word_1_428' title='bbox 1985 3315 2044 3368; x_wconf 90' lang='lat' dir='ltr'><strong>in</strong></span> <span class='ocrx_word' id='word_1_429' title='bbox 2063 3315 2199 3368; x_wconf 87' lang='lat' dir='ltr'><strong>dies.</strong></span> <span class='ocrx_word' id='word_1_430' title='bbox 2221 3313 2380 3368; x_wconf 84' lang='lat' dir='ltr'><strong>Falle</strong></span> <span class='ocrx_word' id='word_1_431' title='bbox 2407 3313 2552 3368; x_wconf 84' lang='lat' dir='ltr'><strong>auch</strong></span> <span class='ocrx_word' id='word_1_432' title='bbox 2579 3312 2756 3366; x_wconf 83' lang='lat' dir='ltr'><strong>sehon</strong></span> 
     </span>
     <span class='ocr_line' id='line_1_60' title="bbox 1637 3383 2759 3452; baseline -0.002 -12"><span class='ocrx_word' id='word_1_433' title='bbox 1637 3385 1734 3440; x_wconf 89' lang='lat' dir='ltr'><strong>bei</strong></span> <span class='ocrx_word' id='word_1_434' title='bbox 1788 3386 2130 3440; x_wconf 83' lang='lat' dir='ltr'><strong>Klassikern.</strong></span> <span class='ocrx_word' id='word_1_435' title='bbox 2213 3385 2368 3438; x_wconf 73' lang='lat' dir='ltr'><strong>Alex.</strong></span> <span class='ocrx_word' id='word_1_436' title='bbox 2425 3400 2531 3452; x_wconf 83' lang='lat' dir='ltr'><strong>zog</strong></span> <span class='ocrx_word' id='word_1_437' title='bbox 2585 3383 2759 3438; x_wconf 85' lang='lat' dir='ltr'><strong>somit</strong></span> 
     </span>
     <span class='ocr_line' id='line_1_61' title="bbox 1637 3454 2758 3525; baseline -0.002 -15"><span class='ocrx_word' id='word_1_438' title='bbox 1637 3457 1930 3524; x_wconf 72' lang='lat' dir='ltr'><strong>st&#39;idwarts‚</strong></span> <span class='ocrx_word' id='word_1_439' title='bbox 1969 3458 2043 3510; x_wconf 91' lang='lat' dir='ltr'><strong>da</strong></span> <span class='ocrx_word' id='word_1_440' title='bbox 2079 3474 2139 3511; x_wconf 91' lang='lat' dir='ltr'><strong>er</strong></span> <span class='ocrx_word' id='word_1_441' title='bbox 2165 3456 2256 3510; x_wconf 86' lang='lat' dir='ltr'><strong>die</strong></span> <span class='ocrx_word' id='word_1_442' title='bbox 2283 3457 2463 3525; x_wconf 86' lang='lat' dir='ltr'><strong>Berge</strong></span> <span class='ocrx_word' id='word_1_443' title='bbox 2492 3455 2590 3509; x_wconf 87' lang='lat' dir='ltr'><strong>der</strong></span> <span class='ocrx_word' id='word_1_444' title='bbox 2617 3454 2758 3509; x_wconf 79' lang='lat' dir='ltr'><strong>Gor-</strong></span> 
     </span>
     <span class='ocr_line' id='line_1_62' title="bbox 1637 3525 2753 3598; baseline -0.001 -18"><span class='ocrx_word' id='word_1_445' title='bbox 1637 3527 1804 3598; x_wconf 82' lang='lat' dir='ltr'><strong>dyaei</strong></span> <span class='ocrx_word' id='word_1_446' title='bbox 1820 3528 1942 3598; x_wconf 88' lang='lat' dir='ltr'><strong>(der</strong></span> <span class='ocrx_word' id='word_1_447' title='bbox 1951 3527 2199 3595; x_wconf 84' lang='lat' dir='ltr'><strong>Kurden)</strong></span> <span class='ocrx_word' id='word_1_448' title='bbox 2219 3545 2313 3580; x_wconf 89' lang='lat' dir='ltr'><strong>zur</strong></span> <span class='ocrx_word' id='word_1_449' title='bbox 2331 3525 2552 3580; x_wconf 87' lang='lat' dir='ltr'><strong>Linken</strong></span> <span class='ocrx_word' id='word_1_450' title='bbox 2569 3525 2753 3591; x_wconf 84' lang='lat' dir='ltr'><strong>hatte;</strong></span> 
     </span>
     <span class='ocr_line' id='line_1_63' title="bbox 1636 3592 2754 3669; baseline -0.004 -15"><span class='ocrx_word' id='word_1_451' title='bbox 1636 3600 1750 3668; x_wconf 83' lang='lat' dir='ltr'><strong>vgl.</strong></span> <span class='ocrx_word' id='word_1_452' title='bbox 1787 3597 1908 3652; x_wconf 86' lang='lat' dir='ltr'><strong>Arr.</strong></span> <span class='ocrx_word' id='word_1_453' title='bbox 1949 3604 1992 3652; x_wconf 83' lang='lat'><strong>3.</strong></span> <span class='ocrx_word' id='word_1_454' title='bbox 2040 3604 2088 3653; x_wconf 79' lang='lat'><strong>7.</strong></span> <span class='ocrx_word' id='word_1_455' title='bbox 2121 3602 2150 3652; x_wconf 76' lang='lat'>⁷</span> <span class='ocrx_word' id='word_1_456' title='bbox 2188 3593 2283 3669; x_wconf 78' lang='grc' dir='ltr'><strong>ᾔει</strong></span> <span class='ocrx_word' id='word_1_457' title='bbox 2319 3594 2417 3652; x_wconf 80' lang='grc' dir='ltr'><strong>διὰ</strong></span> <span class='ocrx_word' id='word_1_458' title='bbox 2453 3598 2555 3664; x_wconf 84' lang='grc' dir='ltr'><strong>τῆς</strong></span> <span class='ocrx_word' id='word_1_459' title='bbox 2578 3592 2754 3650; x_wconf 75' lang='grc' dir='ltr'><em>Ἀτου-</em></span> 
     </span>
     <span class='ocr_line' id='line_1_64' title="bbox 1637 3663 2754 3739; baseline -0.002 -16"><span class='ocrx_word' id='word_1_460' title='bbox 1637 3672 1762 3738; x_wconf 82' lang='grc' dir='ltr'><strong><em>ρίοις</em></strong></span> <span class='ocrx_word' id='word_1_461' title='bbox 1799 3666 1980 3738; x_wconf 72' lang='grc' dir='ltr'><strong><em>χώρας</em></strong></span> <span class='ocrx_word' id='word_1_462' title='bbox 2029 3664 2094 3722; x_wconf 76' lang='grc' dir='ltr'><strong>ἐν</strong></span> <span class='ocrx_word' id='word_1_463' title='bbox 2129 3663 2408 3739; x_wconf 65' lang='grc' dir='ltr'><strong>·ε&gt;ἷρι,στεερ’υ</strong></span> <span class='ocrx_word' id='word_1_464' title='bbox 2457 3666 2561 3737; x_wconf 79' lang='grc' dir='ltr'><strong>μὲν</strong></span> <span class='ocrx_word' id='word_1_465' title='bbox 2609 3665 2754 3737; x_wconf 76' lang='grc' dir='ltr'><strong><em>ἔχων</em></strong></span> 
     </span>
     <span class='ocr_line' id='line_1_65' title="bbox 1635 3689 2756 3810; baseline -0.002 -16"><span class='ocrx_word' id='word_1_466' title='bbox 1635 3737 1707 3795; x_wconf 79' lang='grc' dir='ltr'><strong>τὰ</strong></span> <span class='ocrx_word' id='word_1_467' title='bbox 1739 3740 2074 3810; x_wconf 79' lang='grc' dir='ltr'><strong><em>Γορδυαίων</em></strong></span> <span class='ocrx_word' id='word_1_468' title='bbox 2103 3734 2225 3810; x_wconf 77' lang='grc' dir='ltr'><em>ὄρη,</em></span> <span class='ocrx_word' id='word_1_469' title='bbox 2265 3735 2328 3794; x_wconf 76' lang='grc' dir='ltr'><strong>ἐν</strong></span> <span class='ocrx_word' id='word_1_470' title='bbox 2367 3689 2529 3805; x_wconf 57' lang='grc' dir='ltr'><strong>ἕεξιᾶ</strong></span> <span class='ocrx_word' id='word_1_471' title='bbox 2559 3736 2624 3793; x_wconf 76' lang='grc' dir='ltr'><strong>δὲ</strong></span> <span class='ocrx_word' id='word_1_472' title='bbox 2654 3735 2756 3792; x_wconf 81' lang='grc' dir='ltr'><strong>τὸν</strong></span> 
     </span>
     <span class='ocr_line' id='line_1_66' title="bbox 1643 3791 2754 3882; baseline -0.002 -18"><span class='ocrx_word' id='word_1_473' title='bbox 1643 3807 1992 3882; x_wconf 77' lang='grc' dir='ltr'><strong>Τι’γρητα.-</strong></span> <span class='ocrx_word' id='word_1_474' title='bbox 2009 3812 2444 3866; x_wconf 75' lang='lat' dir='ltr'><strong>antecedebat</strong></span> <span class='ocrx_word' id='word_1_475' title='bbox 2471 3791 2754 3864; x_wconf 68' lang='grc' dir='ltr'><strong>ἅ.ἰ.1·ι“101ζ·</strong></span> 
     </span>
     <span class='ocr_line' id='line_1_67' title="bbox 1638 3881 2700 3951; baseline -0.005 -13"><span class='ocrx_word' id='word_1_476' title='bbox 1638 3884 1695 3938; x_wconf 82' lang='lat' dir='ltr'><strong>te</strong></span> <span class='ocrx_word' id='word_1_477' title='bbox 1731 3899 1805 3936; x_wconf 84' lang='lat' dir='ltr'><strong>an</strong></span> <span class='ocrx_word' id='word_1_478' title='bbox 1843 3881 1942 3936; x_wconf 86' lang='lat' dir='ltr'><strong>der</strong></span> <span class='ocrx_word' id='word_1_479' title='bbox 1979 3881 2166 3951; x_wconf 83' lang='lat' dir='ltr'><strong>Spitze</strong></span> <span class='ocrx_word' id='word_1_480' title='bbox 2203 3882 2302 3936; x_wconf 81' lang='lat' dir='ltr'><strong>des</strong></span> <span class='ocrx_word' id='word_1_481' title='bbox 2337 3881 2546 3936; x_wconf 84' lang='lat' dir='ltr'><strong>Heeres</strong></span> <span class='ocrx_word' id='word_1_482' title='bbox 2582 3896 2700 3934; x_wconf 80' lang='lat' dir='ltr'><strong>vor.</strong></span> 
     </span>
    </p>

    <p class='ocr_par' dir='ltr' id='par_1_13' title="bbox 1637 3950 2800 4450">
     <span class='ocr_line' id='line_1_68' title="bbox 1712 3950 2754 4021; baseline -0.004 -13"><span class='ocrx_word' id='word_1_483' title='bbox 1712 3958 1795 4008; x_wconf 86' lang='lat'><strong>10.</strong></span> <span class='ocrx_word' id='word_1_484' title='bbox 1832 3953 2164 4021; x_wconf 70' lang='lat' dir='ltr'><strong>fecerant,</strong></span> <span class='ocrx_word' id='word_1_485' title='bbox 2205 3953 2426 4007; x_wconf 82' lang='lat' dir='ltr'><strong>‘hatten</strong></span> <span class='ocrx_word' id='word_1_486' title='bbox 2463 3950 2754 4006; x_wconf 84' lang='lat' dir='ltr'><strong>erweckt&#39;.</strong></span> 
     </span>
     <span class='ocr_line' id='line_1_69' title="bbox 1639 4024 2755 4091; baseline -0.003 -12"><span class='ocrx_word' id='word_1_487' title='bbox 1639 4025 1714 4079; x_wconf 84' lang='lat' dir='ltr'><strong>So</strong></span> <span class='ocrx_word' id='word_1_488' title='bbox 1769 4031 1819 4080; x_wconf 89' lang='lat'><strong>8.</strong></span> <span class='ocrx_word' id='word_1_489' title='bbox 1871 4031 1954 4080; x_wconf 79' lang='lat'><strong>12.</strong></span> <span class='ocrx_word' id='word_1_490' title='bbox 2003 4031 2034 4080; x_wconf 82' lang='grc'><strong>7</strong></span> <span class='ocrx_word' id='word_1_491' title='bbox 2089 4025 2332 4090; x_wconf 76' lang='lat' dir='ltr'><strong>fecerant</strong></span> <span class='ocrx_word' id='word_1_492' title='bbox 2383 4024 2627 4091; x_wconf 75' lang='lat' dir='ltr'><strong>speeiem.</strong></span> <span class='ocrx_word' id='word_1_493' title='bbox 2682 4052 2755 4061; x_wconf 90' lang='lat'><strong>-—</strong></span> 
     </span>
     <span class='ocr_line' id='line_1_70' title="bbox 1638 4091 2756 4166; baseline -0.004 -15"><span class='ocrx_word' id='word_1_494' title='bbox 1638 4101 1986 4166; x_wconf 72' lang='lat' dir='ltr'><strong>auqentur.</strong></span> <span class='ocrx_word' id='word_1_495' title='bbox 2047 4095 2104 4150; x_wconf 87' lang='lat' dir='ltr'><strong>G.</strong></span> <span class='ocrx_word' id='word_1_496' title='bbox 2143 4095 2261 4148; x_wconf 82' lang='lat' dir='ltr'><strong>will</strong></span> <span class='ocrx_word' id='word_1_497' title='bbox 2297 4094 2592 4161; x_wconf 81' lang='lat' dir='ltr'><strong>audenten,</strong></span> <span class='ocrx_word' id='word_1_498' title='bbox 2631 4091 2756 4146; x_wconf 78' lang='lat' dir='ltr'><strong>dass</strong></span> 
     </span>
     <span class='ocr_line' id='line_1_71' title="bbox 1637 4163 2754 4236; baseline -0.005 -14"><span class='ocrx_word' id='word_1_499' title='bbox 1637 4168 1739 4222; x_wconf 83' lang='lat' dir='ltr'><strong>das</strong></span> <span class='ocrx_word' id='word_1_500' title='bbox 1757 4167 2074 4223; x_wconf 74' lang='lat' dir='ltr'><strong>irrtsimlich</strong></span> <span class='ocrx_word' id='word_1_501' title='bbox 2093 4165 2406 4236; x_wconf 84' lang='lat' dir='ltr'><strong>Geglaubte</strong></span> <span class='ocrx_word' id='word_1_502' title='bbox 2427 4164 2594 4218; x_wconf 88' lang='lat' dir='ltr'><strong>meist</strong></span> <span class='ocrx_word' id='word_1_503' title='bbox 2607 4163 2754 4217; x_wconf 86' lang='lat' dir='ltr'><strong>auch</strong></span> 
     </span>
     <span class='ocr_line' id='line_1_72' title="bbox 1639 4226 2757 4302; baseline -0.007 -8"><span class='ocrx_word' id='word_1_504' title='bbox 1639 4239 1732 4294; x_wconf 90' lang='lat' dir='ltr'><strong>ein</strong></span> <span class='ocrx_word' id='word_1_505' title='bbox 1759 4226 2190 4295; x_wconf 71' lang='lat' dir='ltr'><strong>Ubertriebenes</strong></span> <span class='ocrx_word' id='word_1_506' title='bbox 2233 4236 2338 4302; x_wconf 82' lang='lat' dir='ltr'><strong>sei3</strong></span> <span class='ocrx_word' id='word_1_507' title='bbox 2377 4251 2435 4290; x_wconf 88' lang='lat' dir='ltr'><strong>es</strong></span> <span class='ocrx_word' id='word_1_508' title='bbox 2472 4235 2550 4288; x_wconf 85' lang='lat' dir='ltr'><strong>ist</strong></span> <span class='ocrx_word' id='word_1_509' title='bbox 2586 4232 2757 4287; x_wconf 85' lang='lat' dir='ltr'><strong>somit</strong></span> 
     </span>
     <span class='ocr_line' id='line_1_73' title="bbox 1641 4306 2800 4380; baseline -0.007 -15"><span class='ocrx_word' id='word_1_510' title='bbox 1641 4317 1916 4380; x_wconf 72' lang='lat' dir='ltr'><strong>auqentur</strong></span> <span class='ocrx_word' id='word_1_511' title='bbox 1934 4308 2214 4380; x_wconf 55' lang='lat' dir='ltr'><strong>pregnant</strong></span> <span class='ocrx_word' id='word_1_512' title='bbox 2239 4307 2353 4376; x_wconf 60' lang='lat' dir='ltr'><strong>(fiir</strong></span> <span class='ocrx_word' id='word_1_513' title='bbox 2379 4306 2680 4360; x_wconf 75' lang='lat' dir='ltr'><strong>ereduntur</strong></span> <span class='ocrx_word' id='word_1_514' title='bbox 2705 4308 2756 4358; x_wconf 82' lang='lat' dir='ltr'><strong>et</strong></span> <span class='ocrx_word' id='word_1_515' title='bbox 2791 4325 2800 4339; x_wconf 95' lang='lat'><strong>·</strong></span> 
     </span>
     <span class='ocr_line' id='line_1_74' title="bbox 1642 4374 2756 4450; baseline -0.005 -16"><span class='ocrx_word' id='word_1_516' title='bbox 1642 4383 1933 4450; x_wconf 74' lang='lat' dir='ltr'><strong>auqentur)</strong></span> <span class='ocrx_word' id='word_1_517' title='bbox 1972 4379 2106 4434; x_wconf 86' lang='lat' dir='ltr'><strong>oder</strong></span> <span class='ocrx_word' id='word_1_518' title='bbox 2131 4378 2280 4445; x_wconf 76' lang='lat' dir='ltr'><strong>falsa</strong></span> <span class='ocrx_word' id='word_1_519' title='bbox 2308 4374 2651 4446; x_wconf 83' lang='lat' dir='ltr'><strong>proleptisch</strong></span> <span class='ocrx_word' id='word_1_520' title='bbox 2685 4391 2756 4428; x_wconf 86' lang='lat' dir='ltr'><strong>zu</strong></span> 
     </span>
    </p>
   </div>
   <div class='ocr_carea' id='block_1_9' title="bbox 3061 2072 3065 3202">
    <p class='ocr_par' dir='ltr' id='par_1_14' title="bbox 3061 2072 3065 3202">
     <span class='ocr_line' id='line_1_75' title="bbox 3061 2072 3065 3202; baseline 0 0"><span class='ocrx_word' id='word_1_521' title='bbox 3061 2072 3065 3202; x_wconf 95' lang='lat' dir='ltr'><strong> </strong></span> 
     </span>
    </p>
   </div>
  </div>
 </body>
</html>
