3069 4749
440 116 651 182 19ss

1341 116 1406 182 Q.
1445 116 1667 172 GURTI
1702 115 1876 171 RUFI

428 282 732 344 verterat.
798 277 1130 363 Sanguine
1157 280 1539 345 coniunctus
1578 283 1718 344 erat
1753 284 1820 364 et
1858 279 2122 364 quidam
2149 278 2453 365 Philippo
2484 281 2797 361 genitum

325 380 394 431 23
433 390 576 435 esse
623 368 994 453 credebant,
1040 372 1212 434 certe
1255 368 1462 453 pelice
1509 368 1647 433 eius
1694 371 1909 433 ortum
1954 368 2317 434 constabat.
2406 367 2589 433 Idem
2646 390 2799 433 cor-

430 457 610 542 poris
655 462 878 524 custos
923 458 1579 542 promptissimusque
1621 456 1900 523 bellator
1944 461 2013 523 et
2056 456 2239 541 pacis
2286 457 2535 523 artibus
2583 478 2795 541 quam

429 546 702 611 militiae
757 547 966 611 maior
1022 550 1090 612 et
1144 546 1410 611 clarior:
1463 545 1721 612 modico
1768 546 2073 631 civilique
2116 546 2327 630 culta,
2371 546 2664 611 liberalis
2708 546 2795 611 in

326 646 395 695 24
431 635 660 720 primis
707 636 1017 721 adituque
1062 635 1262 719 facili,
1306 634 1476 700 nihil
1521 656 1601 699 ex
1644 634 1825 701 fastu
1868 634 2091 719 regiae
2128 634 2594 719 adsumpserat.
2674 634 2789 701 Ob

427 724 590 789 haec
633 725 776 809 regi
823 746 910 789 an
953 723 1378 808 popularibus
1436 724 1649 789 carior
1694 728 1893 807 esset,
1948 723 2235 789 dubitari
2287 727 2572 807 poterat:
2636 727 2793 789 tum

428 816 601 879 certe
645 814 930 896 primum
977 816 1276 897 expertus
1323 834 1587 878 suorum
1634 813 1913 892 animos,
1968 812 2128 877 adeo
2174 815 2253 877 ut
2294 812 2651 897 fortunam,
2706 813 2792 877 in
2832 845 2839 849 ·

430 923 627 986 quam
671 905 901 986 postea
947 901 1256 985 ascendit,
1299 901 1368 965 in
1413 901 1531 966 illo
1578 902 1864 987 periculo
1900 901 2287 967 Macedones
2326 902 2598 967 ominati
2635 922 2790 967 esse

321 1002 392 1051 25
429 990 787 1055 videantur.
881 988 1133 1075 Quippe
1177 1012 1311 1057 non
1353 990 1561 1055 levior
1605 990 1740 1055 illis
1784 990 2148 1055 Ptolemaei
2190 990 2318 1055 fuit
2363 1011 2533 1075 cura,
2578 1011 2786 1076 quam

428 1080 622 1165 regis.
706 1078 832 1155 Qui
877 1083 944 1143 et
988 1079 1239 1164 proelio
1287 1082 1354 1145 et
1391 1078 1824 1145 sollicitudine
1860 1079 2179 1165 fatigatus
2217 1100 2363 1144 cum
2398 1079 2785 1145 Ptolemaeo

323 1178 393 1229 26
433 1167 782 1253 adsideret,
827 1167 1097 1253 lectum,
1139 1168 1209 1233 in
1255 1188 1381 1253 quo
1427 1168 1569 1253 ipse
1614 1168 2083 1253 adquiesceret,
2128 1168 2324 1233 iussit
2368 1168 2608 1233 inferri.
2698 1167 2787 1233 In

432 1267 623 1341 quem
672 1261 747 1321 ut
793 1278 862 1322 se
906 1257 1168 1342 recepit,
1211 1257 1511 1341 protinus
1558 1256 1754 1323 altior
1798 1256 2127 1322 insecutus
2172 1260 2275 1321 est
2310 1278 2592 1323 somnne.
2670 1248 2785 1323 Ex

433 1367 562 1429 quo
608 1345 927 1411 excitatus
973 1368 1092 1431 per
1135 1346 1417 1430 quietem
1462 1344 1707 1411 vidisse
1752 1368 1821 1411 se
1858 1345 2125 1430 exponit
2162 1346 2441 1431 speciem
2478 1346 2782 1413 draconis

431 1434 720 1501 oblatam
756 1435 1026 1500 herbam
1052 1434 1324 1501 ferentis
1364 1456 1490 1518 ore,
1527 1456 1722 1519 quam
1758 1434 1989 1500 veneni
2023 1434 2381 1500 remedium
2418 1456 2559 1501 esse
2593 1434 2781 1501 mo'n—

323 1534 391 1583 2‘1
429 1527 728 1589 strasset:
773 1524 1058 1589 colorem
1105 1544 1361 1609 quoque
1395 1522 1639 1587 herbae
1674 1522 2019 1607 referebat,
2057 1522 2491 1609 adgnitumm,
2536 1524 2595 1588 si
2628 1524 2783 1610 quis

427 1613 853 1698 repperisset,
907 1612 1278 1677 adfirmanS.
1366 1611 1711 1678 Inventam
1764 1611 1990 1677 deinde
2036 1646 2125 1659 -
2171 1613 2409 1698 quippe
2464 1636 2505 1677 a
2549 1612 2781 1678 multis

429 1700 624 1766 simul
681 1704 821 1765 erat
882 1701 1198 1785 requisita
1253 1736 1332 1747 -
1393 1699 1648 1767 vulneri
1702 1700 1995 1785 inposuit
2062 1700 2487 1787 protinusque
2548 1701 2779 1767 dolore

325 1802 394 1851 28
429 1790 616 1855 finito
661 1790 838 1855 intra
885 1790 1078 1855 breve
1125 1790 1410 1874 spatium
1463 1789 1732 1855 cicatrix
1787 1810 2041 1875 quoque
2087 1789 2367 1857 obducta
2412 1794 2529 1855 est.
2617 1788 2778 1855 Bar-

406 1875 619 1945 ‘baros
665 1882 742 1943 ut
785 1878 1004 1962 prima
1047 1900 1194 1961 spes
1240 1876 1595 1962 fefellerat,
1640 1900 1709 1943 se
1751 1878 1932 1962 ipsos
1976 1878 2331 1963 urbemque
2378 1879 2778 1945 dediderunt.

603 1968 778 2033 Hinc
802 1967 881 2032 in
926 1968 1286 2051 proximam
1334 1969 1596 2052 gentem
1633 1966 1955 2033 Pataliam
2000 1972 2381 2051 perventum
2428 1971 2544 2033 est.
2632 1966 2777 2033 Rex
2796 1968 2895 2033 34

424 2175 830 2312 {elegans-6232?
839 2158 1409 2297 Zorzinolgtesgffitle
1446 2158 1549 2285 ξιξ

428 2301 558 2356 dem
619 2303 726 2356 mit
785 2302 945 2356 Alex.
1015 2301 1378 2356 verwandten
1440 2300 1547 2357 Ge-

427 2371 680 2428 schlecht
716 2372 816 2428 der
850 2372 1188 2442 Lyncestier.
1229 2402 1296 2412 -
1325 2372 1549 2441 pelice

425 2445 600 2509 eius,
655 2443 708 2497 d.
755 2445 811 2500 h.
861 2459 972 2498 von
1013 2443 1169 2498 einer
1212 2443 1386 2510 Fran,
1439 2443 1549 2497 mit

427 2512 528 2568 der
575 2512 805 2584 Philipp
861 2513 920 2568 in
977 2529 1238 2584 erigerem
1288 2512 1548 2568 Verkehr

426 2584 737 2654 gestanden
772 2585 948 2641 hatte.
1017 2584 1178 2640 Auch
1211 2584 1374 2640 Paus.
1415 2591 1464 2639 1.
1494 2591 1544 2640 6.

427 2661 460 2710 2
497 2654 780 2712 berichtet
813 2656 996 2712 dieses
1033 2655 1296 2713 Gert‘ieht.

497 2731 582 2782 23.
639 2729 946 2810 cop-poris
995 2727 1414 2810 caetea-hier
1464 2725 1547 2781 im

425 2798 900 2952 &sai-‘3²¹3
921 2799 1547 2952 ῗοῖῖῖὶῖῗὲἓῗζοῖ

424 2940 632 2995 tisches
657 2941 839 3010 Wort‚
867 2942 1015 2997 doch
1043 2941 1188 2996 auch
1212 2957 1326 2996 von
1355 2938 1548 2996 Cicero

425 3010 550 3066 hier
583 3011 698 3066 und
735 3013 810 3068 da
846 3012 1174 3082 gebraucht.
1219 3041 1287 3052 --
1330 3009 1549 3066 maior

427 3087 488 3136 et
522 3083 795 3140 clarior.
852 3083 1212 3139 Uebersetze:
1253 3081 1406 3151 ‘fast,
1434 3097 1546 3136 wo·

427 3153 676 3224 moglieh
721 3155 869 3210 noch
912 3160 1134 3225 grosser
1169 3153 1286 3208 und
1320 3153 1547 3208 hervor-

426 3225 742 3293 ragender'.
826 3225 879 3280 S.
928 3225 1020 3280 die
1065 3226 1231 3278 Anm.
1288 3243 1358 3278 zu
1401 3238 1546 3278 acce-

417 3296 575 3364 ptior
604 3301 653 3350 7.
683 3303 732 3350 2.
754 3302 839 3351 23.
905 3296 1118 3350 Stfinde
1145 3297 1238 3350 sed
1265 3313 1340 3350 an
1369 3293 1547 3349 Stelle

425 3383 538 3422 von
555 3371 623 3436 et,
653 3383 716 3422 so
743 3367 935 3422 warde
955 3367 1056 3422 das
1073 3365 1547 3437 Vorhergehende

427 3437 552 3492 eine
606 3455 674 3492 zu
727 3453 918 3506 grosse
967 3436 1407 3506 Besehrankung
1459 3452 1547 3490 er-

425 3507 628 3562 leiden.
703 3507 886 3564 Ueber
923 3507 1279 3564 Ptolemaeus
1325 3507 1411 3561 als
1447 3505 1547 3560 Hi-

427 3578 666 3634 storiker
712 3599 754 3634 s.
791 3578 884 3634 die
918 3578 1365 3648 literaturgesch.
1399 3576 1546 3632 Einl.

428 3649 482 3706 S.
505 3655 554 3704 5.
582 3681 654 3690 —-
687 3651 888 3705 culta.
952 3649 1089 3704 Hier
1113 3649 1394 3704 natfirlich
1423 3648 1549 3703 ‘Le-

424 3721 775 3789 bensweise'‚
821 3721 928 3776 wie
971 3721 1140 3776 bfters
1178 3719 1271 3775 bei
1308 3719 1547 3774 Curtius.

1656 2158 1875 2215 frenioh
1894 2160 2101 2227 facili-3,
2118 2160 2373 2227 difficilis
2385 2160 2545 2215 aditu
2564 2177 2606 2214 s.
2628 2160 2780 2217 oben

1658 2237 1707 2285 6.
1746 2236 1797 2285 4.
1839 2236 1905 2285 15
1941 2232 2194 2299 difficilis
2226 2232 2403 2286 aditu.

1726 2307 1813 2357 24.
1851 2308 2198 2371 caepa-tus,-
2233 2306 2469 2373 erganze
2504 2308 2595 2358 est.
2659 2301 2779 2358 Das

1654 2372 1822 2429 Wort
1855 2371 1931 2428 ist
1967 2372 2159 2428 scharf
2188 2373 2409 2443 betont‚
2438 2399 2507 2420 τε
2536 2390 2597 2428 er
2626 2374 2781 2430 lernt

1654 2459 1755 2500 aus
1778 2443 1971 2515 signer
1988 2443 2306 2515 Erfahrung
2322 2443 2621 2516 grundlich
2640 2445 2777 2500 ken-

1654 2531 1781 2571 nen.
1833 2545 1900 2556 --
1953 2517 2274 2572 ascendit.
2346 2515 2475 2586 Vgl.
2525 2522 2574 2570 7.
2617 2522 2663 2571 1.
2700 2522 2773 2572 28

1652 2588 1727 2642 ad
1775 2587 1922 2642 hunc
1974 2589 2210 2658 yradam
2258 2588 2537 2643 amicitiae
2590 2603 2775 2642 ascen·

1652 2659 1849 2713 dimus.
1902 2687 1971 2698 —-
2021 2659 2321 2714 ominati.
2406 2657 2499 2714 Sic
2544 2659 2774 2715 wurden

1654 2729 1775 2784 sich
1810 2728 1911 2784 der
1936 2728 2270 2799 Bedeutung
2296 2728 2394 2784 des
2421 2729 2653 2785 Mannes
2678 2729 2775 2784 be-

1651 2801 1843 2865 wusst,
1872 2801 2125 2870 augleich
2152 2800 2299 2856 auch
2315 2798 2417 2855 der
2432 2799 2773 2872 Allgemein·

1652 2869 1776 2924 heit
1810 2870 1911 2924 der
1945 2871 2291 2940 Verehrung,
2328 2871 2418 2926 die
2455 2888 2517 2926 er
2552 2887 2767 2942 genoss.

1724 2947 1813 2996 23.
1849 2943 2007 3010 ipse.
2080 2943 2165 2996 Im
2203 2941 2513 3012 Gegensatz
2548 2960 2613 2996 zu
2638 2941 2771 2998 Pto-

1654 3013 1921 3067 lemaeus.

1725 3090 1810 3139 26.
1841 3098 1963 3153 per
1996 3084 2295 3152 quietem.
2344 3083 2647 3141 Classischz
2668 3099 2775 3153 per

1652 3169 1899 3210 somnmn
1933 3155 2273 3224 (somnium),
2311 3171 2426 3210 was
2460 3154 2520 3211 Ο.
2551 3161 2601 3210 3.
2630 3161 2679 3209 3.
2711 3160 2770 3219 73

1654 3233 1705 3280 4.
1744 3231 1794 3281 3.
1832 3230 1899 3280 21
1946 3225 2079 3292 hat,
2126 3225 2243 3280 und
2286 3226 2351 3281 in
2392 3241 2606 3292 sonmo,
2652 3240 2769 3280 was

1654 3302 1705 3351 4.
1733 3302 1785 3352 2.
1817 3302 1883 3350 17
1920 3296 2087 3352 steht.
2125 3326 2193 3336 —
2229 3297 2545 3364 oblatam,
2580 3297 2771 3351 natur·

1652 3367 1769 3422 lich
1808 3366 1918 3422 mit
1956 3368 2183 3437 speciem
2218 3385 2286 3422 zu
2319 3366 2627 3422 verbinden
2662 3365 2771 3422 wie

1654 3445 1705 3493 3.
1734 3445 1784 3493 3.
1816 3443 1847 3492 ’1
1876 3457 1930 3494 u.
1960 3444 2010 3493 ὃ.
2084 3437 2189 3494 Die
2224 3453 2400 3508 ganzo
2436 3435 2772 3494 Geschiohte

1653 3509 1932 3579 fibergeht
1982 3509 2185 3564 Arrian
2236 3509 2345 3564 mit
2395 3509 2771 3580 bedeutnngs-

1654 3579 1863 3634 vollem
1892 3578 2365 3650 Stillschweigen3
2402 3580 2663 3652 dagegen
2688 3597 2769 3634 er—

1656 3650 1855 3705 zahlen
1892 3651 1972 3706 sie
2008 3649 2243 3720 Diodor,
2284 3651 2317 3706 J
2321 3650 2473 3706 nstin
2508 3651 2625 3706 und
2659 3650 2769 3704 An-

1657 3722 1816 3790 dere‚
1872 3740 1917 3777 z.
1965 3723 2028 3778 B.
2083 3721 2229 3777 auch
2273 3721 2386 3778 Cic.
2442 3723 2514 3778 de
2557 3723 2668 3777 div.
2718 3727 2769 3775 2.

427 3823 496 3832 -—-
535 3793 860 3862 adituque
895 3792 1120 3859 facili.
1177 3791 1242 3845 In
1307 3790 1551 3846 leichem
1663 3797 1764 3848 135
1802 3794 1907 3848 etc.

428 3861 598 3917 Sinne
645 3863 884 3918 braucht
919 3863 1136 3931 Livius,
1183 3881 1227 3917 z.
1313 3903 1325 3916 .
1365 3867 1416 3916 3.
1455 3867 1541 3916 36.

1721 3867 1806 3919 28.
1870 3864 2257 3920 Barbaros
2318 3863 2589 3919 attrahirt
2640 3879 2769 3918 vom

427 3939 486 4002 2,
534 3934 643 3990 den
687 3935 871 4005 genet.
921 3933 1070 4004 qual.
1111 3935 1260 3988 rari
1293 3933 1542 3987 aditus,
1646 3933 2017 3990 Vordersatze
2052 3935 2199 3989 nach
2224 3934 2503 4004 Analogie
2538 3934 2637 3990 des
2674 3949 2768 3990 an-

426 4004 737 4076 Uebrigens
783 4005 958 4076 vergl.
1005 4004 1221 4074 bezugl.
1267 4003 1368 4059 der
1403 4002 1543 4059 Con·

428 4075 740 4132 struktionx
812 4079 1021 4142 (castra
1081 4075 1259 4146 reqia)
1319 4073 1547 4142 difficili

426 4147 606 4213 aditu,
633 4147 752 4204 Liv.
773 4153 858 4202 32.
882 4152 1076 4214 12.10;
1106 4161 1332 4202 ascensu
1359 4160 1546 4214 aequo,

429 4215 686 4273 ebendas.
735 4224 784 4272 5.
823 4223 909 4273 47.
949 4225 1007 4286 23
1053 4217 1277 4285 difficili
1320 4231 1547 4272 ascensu

431 4283 547 4341 Cic.
575 4285 730 4342 Verr.
759 4295 809 4344 4.
841 4294 928 4344 51.
992 4289 1156 4344 Noch
1191 4287 1445 4358 haufiger
1469 4285 1549 4342 ist

1648 4004 2009 4074 knapfenden
2025 4004 2393 4074 Relativums,
2416 4005 2658 4060 welches
2676 4005 2770 4060 be—

1651 4075 1949 4131 kanntlich
2001 4075 2071 4130 in
2123 4076 2241 4132 der
2284 4075 2498 4160 Regel
2550 4076 2611 4131 in
2659 4075 2767 4131 den

1648 4145 1988 4202 Vordersatz
2034 4163 2135 4218 gez
2212 4164 2284 4202 en
2328 4147 2485 4204 wird.
2526 4179 2593 4188 —
2632 4147 2768 4202 Ρα-

1651 4218 1893 4273 taliam
1930 4243 1998 4264 ==
2038 4219 2189 4275 Pata
2358 4259 2375 4285 ,
2428 4217 2572 4273 Plin.
2619 4236 2671 4272 n.
2708 4219 2763 4271 h.

1653 4293 1739 4348 3⁷.
1772 4293 1899 4357 1323
1937 4289 2279 4358 Pattazmen,
2316 4290 2501 4345 strab.
2532 4295 2615 4346 ιε.
2644 4294 2766 4344 τοι.
