3069 4749
894 158 1401 216 HISTORIARUM
1437 159 1872 215 ALEXANDRI
1906 160 2002 229 v1,
2041 165 2092 216 5.
2589 160 2695 240 19,

320 329 443 393 bus
488 325 711 391 venire
750 346 860 389 eos
908 324 1119 410 iussit,
1162 324 1514 409 fortunam,
1563 344 1756 407 quam
1792 322 1934 407 ipse
1969 322 2271 408 dedisset,
2313 322 2675 407 babituros.

316 416 451 481 Diu
498 416 879 481 cunctantes
926 414 1255 498 plerisque
1301 412 1576 479 consilia
1619 412 2027 477 variantibus
2075 412 2335 477 tandem
2373 416 2676 477 venturos

320 528 389 571 se
444 504 859 589 pollicentur.
951 503 1043 567 At
1087 503 1509 568 Democrates
1555 499 2004 582 Atheniensis,
2061 500 2172 585 qui
2218 500 2498 567 maxime
2543 499 2678 567 Ma·
2717 523 2748 571 9

322 594 640 660 cedonum
696 592 931 675 opibus
989 613 1245 677 semper
1288 590 1664 669 obstiterat,
1720 589 1913 655 venia
1959 588 2296 673 desperata
2343 588 2562 674 gladio
2609 612 2678 655 se

306 682 673 767 transfigit.
765 679 1013 763 Ceteri,
1058 681 1226 745 sicut
1270 679 1770 762 constituerant,
1817 676 2057 743 dicioni
2103 675 2454 743 Alexandri
2498 678 2677 761 ipsos

326 796 393 837 se
447 771 855 857 permittunt.
953 768 1137 833 Mille
1193 773 1258 833 et
1310 788 1359 834 D
1415 768 1661 833 milites
1720 770 1936 831 erant:
1996 770 2256 850 praeter
2301 766 2422 833 hos
2469 766 2673 853 legati
2716 788 2782 837 10

326 862 407 926 ad
474 860 760 926 Dareum
824 858 1010 923 missi
1037 876 1173 927 10.

1279 858 1358 923 In
1428 857 1954 941 supplementum
2019 854 2420 923 distributus·
2471 855 2680 940 mileS,

326 950 522 1015 ceteri
578 948 836 1013 remissi
890 952 1153 1012 domum
1210 949 1469 1030 praeter
1520 943 2103 1027 Lacedaemonios,
2163 964 2326 1027 quos
2381 944 2554 1013 tradi
2609 944 2680 1009 in

327 1038 689 1103 custodiam
733 1037 943 1102 iussit.

224 1134 304 1199 16
506 1125 878 1191 Mardorum
915 1128 1057 1190 erat
1093 1144 1253 1209 gens
1288 1122 1562 1197 confinis
1589 1120 1976 1204 Hyrcaniae,
2015 1120 2194 1187 cultu
2231 1120 2404 1187 vitae
2443 1143 2676 1205 aspera
2718 1145 2781 1193 11

329 1219 397 1279 et
438 1214 802 1280 latrociniis
850 1212 1145 1279 adsueta:
1188 1208 1351 1277 haec
1398 1211 1542 1275 sola
1583 1231 1703 1275 nec
1747 1209 2001 1293 legatos
2047 1209 2318 1273 miserat
2351 1231 2470 1275 neo
2507 1210 2676 1275 vide-

330 1305 526 1368 batur
576 1304 896 1386 imperata
949 1302 1219 1365 factura.
1316 1300 1550 1383 Itaque
1603 1320 1718 1362 rex
1774 1296 2180 1381 indignatus,
2243 1298 2300 1363 si
2345 1320 2476 1365 una
2519 1318 2680 1383 gens

326 1394 553 1475 posset
608 1391 887 1472 efficere,
942 1412 1023 1454 ne
1068 1390 1348 1454 invictus
1396 1390 1597 1469 esset,
1651 1385 2113 1469 inpedimentis
2161 1406 2308 1451 cum
2351 1388 2676 1470 praesidio

324 1480 573 1545 relictis
628 1479 845 1545 valida
897 1500 1094 1542 manu
1150 1476 1505 1541 eomitante
1557 1473 1867 1558 procedit.
1967 1472 2186 1539 Noctu
2253 1474 2378 1541 iter
2431 1476 2680 1543 fecerat
2719 1504 2785 1553 12

328 1572 393 1633 et
436 1568 651 1652 prima
687 1567 829 1632 luce
865 1566 1077 1630 hostis
1115 1565 1187 1629 in
1224 1566 1574 1647 conspectu
1612 1566 1766 1629 erat.
1849 1561 2194 1628 Tumultus
2232 1564 2443 1647 magis
2483 1586 2679 1648 quam

326 1656 649 1740 proelium
693 1656 835 1720 fuit.
919 1652 1271 1719 Deturbati
1318 1674 1396 1716 ex
1442 1651 1740 1735 collibuS‚
1785 1672 1946 1734 quos
1992 1656 2487 1737 occupaverant,
2533 1654 2678 1719 bar-

275 1743 286 1752 ”
327 1745 471 1811 bari
515 1744 949 1827 profugerunt
994 1742 1393 1825 proximique
1424 1740 1568 1805 *vici
1615 1739 1697 1805 ab
1753 1740 1985 1805 incolis
2033 1741 2271 1806 deserti
2317 1738 2678 1824 capiuntur.

326 1831 649 1898 Interiora
699 1830 989 1915 regionis
1036 1830 1174 1894 eius
1219 1829 1393 1894 haud
1441 1849 1597 1893 sane
1655 1828 1822 1893 adiri
1865 1827 2005 1893 sine
2051 1848 2291 1913 magna
2337 1831 2678 1897 vexatione
2718 1857 2786 1907 13

326 1921 643 1986 exercitus
698 1922 1021 2003 poterant.
1121 1917 1286 2002 Iuga
1341 1917 1662 1982 montium
1715 1916 2048 2000 praealtae
2105 1917 2308 1982 silvae
2362 1940 2679 2003 rupesque

325 2011 540 2074 inviae
588 2008 913 2091 saepiunt:
973 2027 1076 2090 ea,
1122 2028 1287 2090 quae
1332 2006 1533 2089 plana
1579 2009 1746 2089 sunt,
1789 2026 1960 2071 novo
2005 2006 2398 2089 munimenti
2441 2028 2677 2092 genere

326 2097 732 2181 inpedierant
759 2095 1039 2161 barbari.
1116 2093 1403 2159 Arbores
1431 2094 1670 2159 densae
1707 2097 1860 2159 sunt
1895 2094 1975 2160 de
2011 2094 2332 2161 industria
2359 2096 2674 2165 consitae:
2717 2124 2784 2173 14

326 2207 597 2272 quarum
644 2188 903 2250 teneros
952 2182 1163 2248 adhuc
1195 2204 1413 2248 ramos
1455 2204 1654 2249 manu
1691 2182 1978 2263 flectunt,
2025 2204 2188 2268 quos
2225 2184 2506 2252 intortos
2543 2206 2678 2251 rur·

325 2296 432 2339 sus
478 2274 775 2338 inserunt
820 2276 1056 2337 terrae:
1112 2271 1262 2336 inde
1319 2271 1499 2336 velut
1547 2293 1625 2336 ex
1671 2270 1802 2336 alia
1846 2271 2061 2336 radice
2109 2270 2414 2337 laetiores
2459 2272 2676 2341 virent

324 2362 554 2428 trunci.
644 2360 812 2446 Hos,
869 2383 998 2446 qua
1040 2363 1280 2426 natura
1324 2359 1479 2446 fert,
1536 2358 1907 2430 adolescere
1950 2383 2084 2426 non
2131 2360 2382 2444 sinunt,
2429 2362 2670 2448 quippe
2714 2392 2780 2442 15

324 2451 523 2516 alium
571 2451 683 2517 alii
730 2450 921 2534 quasi
962 2471 1132 2514 nexu
1178 2453 1554 2515 conserunt:
1599 2450 1720 2533 -qui
1765 2449 1879 2518 ubi
1925 2450 2132 2517 multa
2175 2449 2404 2517 fronde
2449 2451 2674 2518 vestiti

326 2543 503 2623 sunt,
558 2538 862 2625 operiunt
915 2543 1179 2603 terram.
1270 2537 1501 2623 Itaque
1559 2539 1796 2604 occulti
1852 2559 2184 2604 ramorum
2231 2541 2410 2605 velut
2460 2541 2678 2625 laquei

322 2765 759 2820 variantibus
788 2789 856 2810 ε-
884 2763 1111 2819 iudom
1148 2764 1247 2819 sie
1282 2763 1444 2818 bald

323 2852 415 2903 so,
441 2834 603 2890 bald
629 2836 757 2890 and
771 2852 877 2890 ers
900 2835 1276 2903 stimmten‚
1296 2834 1445 2890 sich

322 2907 799 2976 aussprachen.
857 2905 932 2962 So
961 2907 1090 2976 sagt
1107 2904 1323 2960 Livius:
1350 2921 1444 2961 va-

320 2978 473 3032 riata
494 2979 755 3032 memoria
770 2981 927 3032 actae
950 2978 1050 3043 rei,
1076 2977 1243 3030 timor
1257 2977 1445 3031 variat

319 3049 638 3115 sententias,
672 3049 906 3116 fortuna
948 3048 1139 3102 variat
1182 3051 1440 3102 eventwm.

322 3117 623 3173 Ueblicher
646 3119 725 3174 ist
750 3118 844 3174 die
860 3118 1119 3173 neutrale
1139 3116 1444 3173 Construk-

318 3189 465 3245 tion:
498 3190 741 3244 homines
767 3189 1013 3245 comitiis
1046 3190 1275 3244 var-iant
1306 3189 1443 3244 oder

319 3263 546 3316 variant
580 3261 815 3316 consilia
843 3262 913 3330 (7.
944 3265 995 3315 5.
1024 3261 1117 3330 31)
1144 3261 1439 3314 heminam.

388 3338 437 3387 9.
467 3331 919 3387 Democrates.
970 3330 1197 3387 Sowohl
1211 3331 1439 3386 Aeschi-

314 3417 416 3456 nes
462 3401 546 3455 als
592 3403 738 3457 anch
782 3401 874 3456 die
918 3401 979 3456 in
1015 3401 1116 3456 der
1150 3401 1306 3456 Rode
1341 3401 1441 3456 des

318 3470 724 3528 Demosthenen
742 3472 873 3542 περὶ
892 3472 994 3528 τοῦ
1016 3469 1303 3541 στεφάνου
1323 3471 1440 3527 ein·

322 3542 585 3610 gelegten
610 3543 1112 3598 Volkubeschlfisse
1141 3543 1442 3598 erwahnen

318 3611 569 3666 Athener
604 3611 782 3668 dieses
812 3614 1085 3680 Namens3
1123 3613 1271 3670 doch
1301 3614 1442 3669 laest

318 3681 439 3736 sich
468 3681 561 3736 die
586 3683 1033 3739 Personlichkeit
1060 3685 1158 3740 des
1195 3684 1318 3740 hier
1354 3700 1439 3739 er-

315 3750 582 3807 wahnten
608 3752 766 3809 Dem.
802 3754 963 3810 nieht
985 3753 1093 3810 mit
1120 3755 1438 3810 Bestimmt-

313 3823 437 3888 heit
471 3822 803 3878 feststellen.

388 3899 471 3948 10.
508 3895 584 3949 in
618 3896 1142 3964 supplementum
1167 3895 1275 3950 wie
1303 3902 1355 3952 4.
1386 3901 1435 3951 5.

314 3971 518 4091 ἓὲἐὴπο
548 3965 649 4020 der
668 3964 905 4020 Genetiv
932 3968 1222 4036 copiarum·
1245 3967 1433 4022 dabei-

388 4113 469 4162 11.
526 4108 928 4180 Mardorum
972 4125 1015 4162 s.
1062 4113 1112 4163 5.
1153 4114 1202 4163 6.
1245 4113 1327 4162 17.
1367 4139 1435 4148 -

312 4177 469 4233 haec
512 4178 655 4234 sola
708 4177 935 4233 bezieht
987 4177 1108 4232 sich
1151 4176 1437 4232 natflrlich

311 4263 417 4300 nur
472 4247 575 4302 auf
613 4249 703 4303 die
751 4248 1023 4302 aunachst
1074 4248 1434 4302 umwohnen·

314 4315 424 4372 den
470 4317 734 4374 stamme.
774 4347 842 4358 --
890 4319 1323 4386 indignatas,
1375 4319 1437 4372 si

1543 2767 1800 2833 posset;
1836 2762 1949 2832 vgl.
1981 2763 2135 2831 Sulp.
2164 2779 2251 2832 ep.
2280 2764 2355 2818 ad
2383 2763 2493 2820 Cic.
2523 2765 2672 2836 (epp.

1555 2835 1628 2888 ad
1665 2833 1798 2890 fam.
1828 2838 1877 2888 4.
1910 2837 1961 2887 5.
1990 2835 2050 2902 4)
2085 2833 2449 2903 indiqnamur
2473 2837 2526 2892 si
2552 2838 2676 2908 quis

1551 2904 1782 2960 interiit.

1626 2981 1708 3030 13.
1752 2975 2117 3042 interiora,
2165 2976 2424 3030 betonter
2459 2975 2676 3046 Gegen-

1550 3047 1669 3101 satz
1695 3063 1823 3100 zum
1841 3045 2030 3101 Vorhe
2101 3043 2371 3114 ehenden‚
2399 3045 2575 3102 daher
2601 3064 2676 3104 an

1550 3117 1642 3172 die
1690 3115 1877 3186 Spitze
1923 3116 2021 3171 des
2113 3118 2264 3172 atzes
2349 3117 2557 3175 estellt.
2604 3150 2670 3159 —

1549 3204 1714 3257 quae
1750 3188 1968 3257 plana
2003 3193 2188 3255 sunt,
2233 3187 2285 3241 d.
2367 3230 2381 3244 .
2419 3186 2510 3243 die
2545 3188 2674 3246 Ein-

1550 3258 1878 3328 senlrungen
1910 3257 1972 3312 in
2001 3257 2164 3327 jener
2197 3256 2609 3329 Gebirgskette.

1624 3335 1705 3387 14.
1743 3333 1925 3397 sunt,
1961 3328 2212 3384 namlich
2245 3332 2310 3384 in
2335 3331 2534 3400 planis
2559 3332 2675 3387 illis

1548 3402 1705 3466 locis,
1753 3418 1794 3456 s.
1841 3400 1984 3454 Einl.
2033 3405 2064 3466 5
2101 3405 2168 3455 52
2207 3417 2256 3456 a.
2296 3431 2366 3442 —-
2411 3407 2674 3457 teneros

1549 3473 1765 3526 adhue
1801 3495 1872 3518 a·-
1915 3471 2048 3526 dwm
2093 3473 2264 3527 teneri
2306 3478 2450 3529 smne.
2527 3473 2676 3544 Quos

1547 3558 1650 3598 vor
1701 3543 1936 3597 intortos
1989 3542 2180 3597 wurde
2226 3543 2416 3598 besser
2461 3541 2670 3600 fehlen.

1548 3613 1628 3667 Zn
1666 3613 1914 3667 laetiores
1951 3628 1994 3667 s.
2033 3618 2081 3666 5.
2123 3619 2170 3667 4.
2213 3618 2262 3667 8.

1622 3688 1705 3739 15.
1796 3699 1883 3738 aa
1921 3707 1988 3728 =-
2029 3683 2197 3738 ‘nach
2233 3683 2332 3739 der
2367 3682 2614 3740 Richtun

1545 3753 1604 3808 in
1632 3699 1876 3836 welcqher
1904 3753 1984 3808 sie
2017 3770 2128 3808 von
2155 3754 2209 3809 N
2211 3756 2340 3809 atur
2363 3701 2669 3824 waohsengss

1548 3825 1599 3880 d.
1629 3825 1685 3880 h.
1713 3841 1776 3879 in
1803 3823 1894 3878 die
1923 3823 2100 3880 Hohe.
2167 3824 2304 3879 Also
2342 3824 2486 3879 auch
2514 3824 2667 3881 diese

1544 3911 1728 3950 neuen
1761 3897 1952 3950 trunci
1985 3895 2206 3950 werden
2243 3895 2520 3950 seitwarts
2546 3913 2665 3950 um-

1616 3966 1817 4036 bogen.
1864 3996 1933 4005 —
1979 3967 2162 4019 velat
2207 3966 2447 4036 laquei.
2519 3967 2668 4022 velat

1583 4036 1702 4092 ient
1727 4034 1821 4090 bei
1849 4035 1997 4090 Curt.
2028 4036 2219 4106 haufig
2244 4054 2351 4091 nur
2377 4035 2538 4102 dazn,
2574 4036 2665 4092 die

1542 4107 1836 4161 Kiihnheit
1851 4106 2004 4162 eines
2020 4106 2330 4161 bildlichen
2345 4107 2665 4162 Ausdruoks

1543 4195 1610 4231 zu
1647 4177 1905 4244 mildern,
1941 4177 2048 4232 wie
2083 4179 2245 4246 quasi
2279 4177 2396 4232 und
2423 4179 2666 4234 seltener

1542 4253 1820 4317 tamquam
1872 4248 1966 4302 bei
2021 4247 2354 4306 Classikern.
2413 4280 2479 4289 —
2526 4251 2664 4306 clu-

1543 4319 1712 4374 dunt
1747 4343 1815 4364 ε-
1853 4319 2122 4375 claudwnt
2156 4317 2263 4376 wie
2300 4324 2350 4374 ὅ.
2392 4325 2440 4374 1.
2480 4325 2563 4376 16.

2162 4408 2238 4460 2.
