3069 4749
446 175 577 241 196
1364 179 1429 240 Q.
1470 177 1690 230 cmm
1725 178 1900 230 uum

441 359 600 424 gare
645 337 917 404 territos.
957 337 1347 422 supersedit:
1404 341 1690 404 ceterum
1746 339 1885 422 ipse
1945 359 2112 422 equo
2158 339 2421 404 desiluit
2476 339 2799 424 pedesque

438 449 557 511 per
616 427 797 491 nives
858 430 923 491 et
983 429 1353 492 concretam
1410 427 1690 514 glaciem
1743 426 1997 512 ingredi
2055 427 2287 512 coepit.
2377 426 2801 494 Erubuerunt

438 515 808 601 1101116ᾳηί
851 514 1139 600 primum
1186 516 1400 599 amici,
1445 513 1676 581 deinde
1724 515 2060 600 copiarum
2105 516 2319 602 duces,
2365 517 2448 581 ad
2492 516 2801 582 ultimum

440 604 701 669 milites.
767 602 1154 690 Primusque
1199 625 1313 669 rex
1369 603 1642 670 dolabra
1697 604 1970 690 glaciem
2025 604 2437 690 perfringens
2494 604 2619 670 iter
2675 606 2803 672 sibi

336 705 403 755 15
438 692 623 758 fecit:
653 693 1021 777 exemplum
1046 693 1222 779 regis
1251 693 1451 767 ceteri
1485 694 1730 759 imitati
1767 696 1937 759 sunt.
2000 693 2290 759 Tandem
2328 693 2804 779 propemodum

439 782 651 847 invias
708 781 907 847 silvas
963 781 1211 847 emensi
1266 781 1538 848 humani
1603 782 1816 848 cultus
1879 803 2030 847 rara
2089 783 2369 868 vestigia
2425 786 2492 847 et
2551 783 2804 866 passim

442 874 733 936 errantes
795 891 1099 954 pecorum
1160 891 1392 956 greges
1454 892 1814 957 repperere.
1903 870 1998 935 At
2051 870 2331 955 incolae,
2387 871 2500 956 qui
2553 873 2801 955 sparsis

439 959 721 1044 tuguriis
766 959 1178 1042 habitabant,
1224 981 1371 1025 cum
1410 981 1481 1025 se
1527 960 1804 1025 callibus
1849 959 2048 1024 inviis
2095 963 2362 1044 saeptos
2407 980 2549 1024 esse
2595 960 2802 1025 credi-

441 1047 716 1130 dissent,
769 1051 842 1112 ut
886 1069 1277 1133 conspexere
1324 1048 1614 1114 hostium
1677 1069 1941 1134 agmen,
1992 1048 2382 1132 interfectis,
2438 1048 2551 1132 qui
2605 1049 2802 1113 comi-

441 1137 573 1201 tari
616 1135 943 1221 fugientes
989 1159 1123 1202 non
1168 1140 1501 1222 poterant,
1558 1137 1782 1216 devios
1829 1141 2086 1202 montes
2131 1140 2197 1202 et
2240 1137 2504 1202 nivibus
2550 1137 2800 1204 obsitos

339 1240 405 1289 16
442 1225 833 1311 petiverunt.
922 1225 1080 1290 Inde
1136 1247 1253 1310 per
1309 1226 1633 1310 colloquia
1693 1226 2101 1310 captivorum
2160 1225 2477 1310 paulatim
2538 1225 2801 1292 feritate

443 1314 747 1400 mitigata
792 1314 1114 1380 tradidere
1162 1335 1231 1379 se
1276 1315 1434 1400 regi.
1506 1313 1647 1381 Nec
1691 1315 1762 1379 in
1809 1314 2062 1380 deditos
2110 1314 2371 1400 gravius
2409 1315 2800 1380 consultum.

340 1415 406 1467 17
625 1402 925 1468 Vastatis
970 1403 1123 1468 inde
1168 1403 1345 1488 agris
1382 1403 1670 1468 Persidis
1717 1404 2006 1488 vicisque
2052 1403 2472 1487 conpluribus
2517 1403 2800 1468 redactis

442 1493 510 1556 in
555 1495 951 1576 potestatem
998 1495 1263 1558 ventum
1314 1493 1415 1556 est
1459 1491 1531 1558 in
1577 1491 1954 1558 Mardorum
2001 1495 2262 1577 gentem
2306 1491 2688 1556 bellicosam
2733 1497 2802 1557 et

442 1580 720 1645 multum
767 1603 806 1646 a
852 1581 1081 1646 ceteris
1143 1580 1359 1646 Persis
1414 1581 1592 1646 cultu
1645 1581 1819 1646 vitae
1875 1581 2352 1646 abhorrentem.
2442 1577 2685 1665 Specus
2729 1580 2800 1646 in

442 1669 776 1735 montibus
822 1669 1105 1752 fodiunt,
1159 1670 1225 1733 in
1290 1691 1449 1754 quos
1508 1691 1704 1754 seque
1751 1692 1828 1735 ac
1872 1669 2181 1754 coniuges
2238 1672 2306 1734 et
2359 1668 2600 1734 liberos
2646 1690 2801 1734 con-

338 1773 405 1823 18
444 1758 622 1824 dunt.
676 1756 992 1824 Pecorum
1022 1762 1137 1823 aut
1160 1757 1449 1824 ferarum
1476 1780 1669 1824 carne
1697 1762 2064 1824 vescuntur.
2119 1757 2222 1824 Ne
2248 1756 2511 1821 feminis
2540 1757 2799 1843 quidem

440 1869 560 1932 pro
612 1850 883 1912 naturae
941 1847 1172 1912 habitu
1227 1845 1530 1913 molliora
1586 1847 1856 1931 ingenia
1909 1849 2092 1912 sunt:
2149 1867 2374 1912 comae
2427 1847 2800 1929 prominent

339 1951 403 2002 19
441 1935 673 2020 hirtae,
722 1936 923 2002 vestis
970 1955 1163 2020 super
1218 1957 1433 2022 genua
1480 1939 1594 2002 est.
1687 1935 1920 2003 Funda
1964 1935 2258 2000 vinciunt
2313 1933 2622 2000 frontem:
2674 1935 2799 2000 hoc

443 2029 509 2089 et
554 2028 1013 2090 ornamentum
1050 2025 1281 2109 capitis
1328 2028 1395 2089 et
1438 2025 1642 2090 telum
1681 2029 1800 2091 est.
1873 2022 1999 2089 Sed
2033 2022 2206 2088 hanc
2243 2044 2499 2108 quoque
2536 2027 2799 2107 gentem

340 2129 411 2180 20
446 2113 621 2178 idem
658 2113 958 2178 fortunae
995 2114 1275 2198 impetus
1315 2112 1582 2180 domuit.
1655 2113 1885 2198 Itaque
1920 2112 2251 2178 tricesimo
2291 2111 2414 2196 die,
2449 2115 2798 2196 postquam

441 2223 481 2266 a
525 2201 861 2286 Persepoli
905 2202 1233 2286 profectus
1282 2205 1441 2285 erat,
1486 2202 1714 2269 eodem
1759 2201 1966 2267 rediit.
2060 2199 2249 2266 Dona
2294 2200 2526 2266 deinde
2573 2200 2798 2265 amicis

443 2290 805 2378 ceterisque
842 2312 962 2376 pro
1000 2290 1308 2376 cuiusque
1346 2291 1578 2356 merito
1619 2291 1822 2356 deditt
1859 2289 2328 2377 propemodum
2367 2289 2606 2368 omnia,
2635 2310 2801 2373 quae

275 2389 355 2528 (b
441 2380 509 2443 in
556 2402 635 2445 ea
680 2381 837 2445 urbe
886 2386 1163 2463 ceperat,
1212 2369 1578 2446 distributa.
1575 2400 1631 2493 a(

1452 2608 1613 2676 CAP.
1658 2609 1803 2677 VII.

376 2770 405 2819 1
623 2748 924 2833 Ceterum
969 2750 1267 2836 ingentia
1312 2751 1514 2816 animi
1561 2752 1766 2834 bona,
1812 2751 1992 2816 illam
2038 2751 2355 2829 indolem,
2402 2772 2530 2835 qua
2577 2771 2800 2814 omnes
2820 2756 2904 2821 22

442 2861 631 2927 reges
678 2841 1049 2925 antecessit,
1102 2840 1287 2905 illam
1332 2842 1401 2905 in
1450 2838 1801 2905 subeundis
1858 2840 2162 2925 periculis
2211 2839 2672 2921 constantiam,
2733 2838 2801 2903 in

2639 2958 2670 2987 Ο

519 3073 603 3123 14.
639 3068 1025 3137 supersedit
1061 3085 1115 3121 u.
1153 3068 1572 3125 erubuerunt
1678 3066 1879 3137 (Anab.
1911 3072 1960 3123 5.
1991 3071 2042 3122 4.
2076 3067 2164 3135 13)
2202 3083 2318 3122 von
2341 3066 2449 3121 den
2480 3065 2803 3133 Mossynoe-

448 3156 497 3195 c.
532 3138 633 3194 inf.
674 3139 821 3193 nach
858 3139 922 3193 E.
965 3143 1086 3193 118.
1678 3139 1818 3193 ken:
1857 3138 2226 3206 χιτωνίσκους
2269 3135 2335 3192 δὲ
2385 3133 2802 3191 ἐνεδεδύκεσαν

521 3212 603 3265 15.
636 3210 1117 3276 credidissent,
1142 3208 1238 3263 bei
1260 3209 1572 3279 Gn'indung
1678 3204 1852 3275 ὑπὲρ
1879 3203 2206 3277 γονάτων.
2229 3238 2297 3249 —·
2317 3209 2622 3276 frontem.
2651 3194 2804 3263 Uber

443 3280 595 3336 ihrer
630 3280 1158 3352 Niederlassungen.
1680 3280 1788 3335 den
1827 3278 2092 3349 Singular
2126 3297 2170 3334 s.
2209 3279 2272 3333 E.
2314 3285 2398 3334 10.

520 3351 923 3419 16.feritate,
943 3351 1090 3405 ihre
1110 3350 1570 3407 wildeScheu.
1753 3357 1837 3405 19.
1892 3351 2089 3420 idem,
2139 3349 2390 3406 namlich
2445 3350 2552 3421 qm·-
2607 3353 2804 3405 ceteros

446 3453 515 3463 —
552 3422 859 3493 ρναυίωε,
896 3421 1097 3492 irgend
1125 3422 1232 3477 wie
1267 3421 1570 3476 besonders
1673 3423 1927 3493 populos.

446 3496 656 3562 sti-eng,
696 3495 951 3563 strenger
988 3493 1074 3547 als
1110 3492 1482 3564 gewohnlioh.

520 3569 604 3619 1⁷.
630 3564 1044 3619 Mardorum.
1067 3562 1181 3620 Der
1193 3564 1373 3619 Name
1387 3562 1576 3619 Mardi
2101 3561 2396 3619 Rara-VII.

448 3635 503 3689 d.
540 3636 577 3690 i.
626 3634 718 3690 die
763 3634 1205 3690 Mannlichen
1249 3634 1575 3691 bezeichnet

445 3706 600 3763 wohl
617 3705 921 3777 allgemein
934 3706 1097 3761 einen
1110 3706 1575 3774 Rauberstamm3
1757 3713 1803 3762 1.
1845 3704 2160 3761 Ceterum.
2233 3704 2348 3761 Der
2392 3705 2806 3775 nachfolgende

449 3778 598 3833 deun
634 3775 708 3833 M.
746 3776 934 3831 finden
970 3776 1093 3831 sich
1118 3776 1179 3831 in
1213 3779 1324 3833 den
1352 3776 1461 3833 Ber
1500 3794 1575 3831 en
1683 3776 1814 3831 Satn
1851 3778 1904 3845 (ξ
1936 3778 1988 3847 1)
2024 3775 2207 3831 bildet
2242 3774 2368 3831 eine
2403 3776 2511 3830 Art
2545 3792 2656 3831 von
2693 3776 2804 3831 Ge·

446 3864 562 3905 von
599 3848 927 3903 sud-Persis
970 3847 1079 3915 wie
1127 3864 1219 3903 am
1264 3846 1462 3918 Kaspi-
1507 3864 1573 3903 ee
1720 3849 1911 3902 ensatz
1955 3865 2024 3901 zu
2071 3847 2170 3902 der
2215 3848 2418 3903 vorher
2467 3847 2807 3918 gersihmten

447 3939 504 3976 u.
540 3919 602 3973 in
646 3918 960 3975 Armenion.
1049 3918 1179 3990 Vgl.
1224 3918 1348 3973 Art.
1394 3926 1442 3974 3.
1484 3923 1570 3974 24.
1736 3915 2642 3991 reigebigkeit.-inyentia
2662 3919 2806 3972 ani·

451 4022 519 4033 ——-
557 3978 708 4047 Uber
742 4006 936 4061 seque
972 4006 1047 4045 ac
1084 4006 1127 4046 s.
1165 3990 1229 4045 E.
1271 3993 1389 4044 148.
1680 3991 1770 4044 mi
1805 3990 1990 4045 bona.
2063 3988 2192 4059 Vgl.
2230 3987 2324 4045 die
2359 3989 2624 4045 Ehnliche
2661 3986 2809 4044 Cha-

524 4066 607 4117 18.
640 4078 767 4133 pro
802 4068 936 4118 nat.
976 4062 1214 4117 habitu
1260 4063 1313 4116 d.
1352 4060 1388 4115 i.
1426 4062 1575 4117 nach
1682 4059 2011 4116 rakteristik
2036 4060 2382 4115 Alexanders
2414 4066 2496 4116 10.
2520 4066 2570 4115 ὅ.
2589 4066 2677 4127 32,
2714 4076 2806 4115 wo

448 4134 555 4189 der
588 4131 696 4189 Art
728 4133 883 4189 ihres
920 4131 1334 4188 Geschlechtes.
1367 4164 1435 4172 —
1462 4148 1576 4187 su·
1683 4131 1804 4187 sich
1869 4132 1970 4187 der
2021 4130 2317 4186 Ausdruck
2370 4132 2515 4187 bom
2567 4136 2807 4191 naturae

442 4220 567 4273 per
636 4220 888 4275 yenua,
951 4222 1075 4258 nur
1138 4201 1410 4260 oberhalb
1475 4203 1577 4258 der
1682 4204 1801 4259 eius
1845 4202 2036 4257 findet.
2110 4202 2337 4257 Ebenso
2383 4204 2528 4258 bona
2575 4208 2625 4257 6.
2664 4207 2714 4256 6.
2756 4206 2806 4270 1,

452 4272 649 4343 Kniee,
676 4276 788 4345 vgl.
816 4292 933 4331 mm
959 4276 1119 4343 infra
1142 4291 1326 4346 qenua
1359 4275 1576 4330 descen·
1681 4274 1807 4329 hier
1850 4273 1968 4329 und
2014 4274 2088 4329 da
2133 4272 2277 4329 auch
2320 4273 2414 4329 bei
2458 4272 2804 4328 Klassikern.

454 4345 541 4400 dit
596 4349 645 4399 6.
685 4350 734 4401 ὅ.
774 4352 859 4401 26.
946 4345 1020 4401 So
1077 4348 1205 4417 sagt
1258 4345 1575 4416 Xenophon
1683 4376 1751 4385 —
1789 4346 2103 4413 indolem,
2141 4345 2255 4415 vgl.
2295 4349 2345 4398 3.
2387 4348 2470 4401 12.
2509 4348 2593 4399 26.
