3069 4749
822 135 1330 191 HISTORIARUM
1366 136 1800 189 ALEXANDRI
1836 134 1931 205 VI,
1972 143 2054 190 11.
2519 136 2608 199 45

1274 332 1431 399 GAP.
1477 330 1590 397 XI.

140 468 230 531 41
435 462 603 527 Erat
630 461 801 525 inter
829 459 1021 523 duces
1050 479 1249 521 manu
1276 461 1577 521 strenuus
1605 455 1816 521 Bolon
1845 456 2128 541 quidam,
2163 458 2343 541 pacis
2373 459 2612 525 artium
2654 478 2678 524 1

258 558 324 617 et
370 550 583 616 civilis
629 549 893 613 habitus
939 546 1136 629 rudis,
1182 551 1365 611 vetus
1413 545 1618 629 miles,
1663 544 1747 611 ab
1793 544 2026 609 humili
2073 546 2294 611 ordine
2341 548 2423 611 ad
2461 570 2609 616 eum

258 620 559 726 gradum,
616 638 686 701 in
748 658 875 721 quo
930 640 1087 701 tunc
1143 638 1310 717 erat,
1362 638 1730 717 promotus:
1793 633 1903 737 qui
1955 635 2322 699 tacentibus
2378 637 2611 705 ceteris
2650 654 2682 702 2

260 728 505 795 stolida
552 726 824 793 audacia
866 724 1047 789 ferox
1095 723 1441 787 admonere
1488 744 1600 787 eos
1639 723 1872 807 coepit,
1918 723 2221 808 quotiens
2263 724 2398 789 suis
2439 726 2612 811 quis·

262 840 389 902 que
428 816 833 898 deversoriiS,
881 834 1043 898 quae
1081 815 1525 897 occupassent,
1567 812 1994 895 proturbatus
2035 817 2223 897 esset,
2268 816 2342 879 ut
2376 836 2612 900 purga-

262 909 483 971 menta
538 926 869 969 servorum
913 901 1213 967 Philotae
1258 902 1702 985 reciperentur
1757 923 1862 1003 eoo,
1914 901 2082 967 unde
2139 901 2614 969 commilitones

263 994 677 1077 expulissent.
768 992 950 1057 Auro
996 994 1397 1092 argentoque
1445 990 1746 1055 vehicula
1792 991 1929 1055 eius
1977 996 2216 1057 onusta
2258 992 2417 1056 totis
2454 992 2614 1057 vicis
2652 1010 2684 1057 3

262 1083 523 1147 stetisse
582 1104 656 1146 ac
709 1102 790 1145 ne
836 1081 906 1145 in
952 1079 1257 1144 viciniam
1303 1078 1562 1164 quidem
1609 1078 1960 1145 deversorii
2007 1101 2396 1163 quemquam
2443 1103 2614 1147 com-

261 1172 640 1235 militonum
675 1172 1007 1253 receptum
1053 1190 1212 1251 esse,
1260 1166 1371 1231 sed
1415 1188 1534 1251 per
1579 1167 1952 1251 dispositOS,
1998 1190 2160 1252 quos
2205 1190 2405 1252 supra
2451 1192 2616 1235 som-

260 1280 420 1323 num
466 1258 771 1341 habebat,
818 1278 1042 1323 omnes
1088 1256 1316 1339 procul
1361 1256 1715 1344 relegatos,
1759 1278 1842 1321 ne
1886 1256 2132 1321 femina
2174 1257 2294 1322 illa
2338 1281 2617 1323 murmu-

261 1349 553 1413 rantium
582 1350 753 1412 inter
780 1368 848 1411 se
878 1346 1143 1411 silentio
1173 1345 1387 1410 verius
1426 1366 1624 1428 quam
1652 1366 1811 1411 sono
1843 1346 2245 1412 excitaretur.
2302 1345 2615 1412 Ludibrio
2655 1366 2688 1413 4

262 1437 325 1501 ei
372 1436 573 1501 fuisse
620 1436 901 1501 rusticos
948 1433 1245 1499 homines
1291 1433 1722 1518 Phrygasque
1777 1438 1844 1499 et
1888 1432 2346 1519 Paphlagonas
2395 1436 2616 1520 appel·

260 1526 465 1608 latos,
533 1525 643 1607 qui
695 1545 829 1588 non
883 1522 1314 1605 erubesceret,
1378 1520 1649 1587 Macedo
1711 1527 1934 1601 natm,
1999 1522 2294 1589 homines
2350 1525 2618 1608 linguae

264 1634 419 1678 suae
476 1634 593 1696 per
647 1612 1069 1695 interpretem
1124 1610 1365 1676 audire.
1456 1610 1648 1675 Nunc
1703 1633 1816 1677 cur
1869 1610 2303 1678 Hammonem
2369 1614 2619 1677 consuli
2658 1622 2690 1671 5

264 1702 509 1766 vellet?
558 1701 827 1767 eundem
874 1700 1050 1765 Iovis
1099 1700 1392 1783 arguisse
1447 1700 1852 1765 mendacium
1909 1699 2358 1766 Alexandrum
2411 1702 2618 1765 filium

264 1790 755 1875 adgnoscentiS,
807 1788 1057 1854 scilicet
1100 1788 1406 1871 veritum,
1459 1810 1544 1852 ne
1598 1789 1992 1854 invidiosum
2049 1792 2248 1873 esset,
2305 1790 2472 1875 quod
2529 1790 2621 1854 dii

268 1879 595 1944 offerrent.
686 1876 849 1943 Cum
896 1877 1314 1943 insidiaretur
1369 1877 1574 1961 capiti
1618 1877 1793 1962 regis
1841 1882 1906 1942 et
1951 1878 2170 1960 amici,
2215 1900 2348 1943 non
2391 1901 2616 1945 consu·
2658 1890 2689 1937 6

266 1968 469 2033 luisse
517 1990 662 2031 eum
706 1966 957 2031 Iovem:
1001 1988 1171 2032 nunc
1221 1965 1302 2030 ad
1346 1966 1680 2031 oraculum
1724 1967 2006 2050 mittere,
2052 1967 2205 2031 dum
2249 1968 2621 2052 patereius

271 2055 681 2139 sollicitetur,
728 2056 839 2137 qui
883 2056 1129 2138 praesit
1173 2056 1242 2119 in
1290 2054 1523 2138 Media,
1570 2060 1637 2120 et
1678 2056 1972 2139 pecunia,
2018 2055 2198 2120 cuius
2235 2056 2530 2121 custodia
2567 2057 2624 2121 ei

271 2144 623 2209 commissa
670 2144 775 2227 sit,
817 2144 1107 2227 perditos
1151 2143 1451 2208 homines
1490 2145 1576 2210 ad
1615 2144 1993 2210 societatem
2032 2144 2291 2209 sceleris
2328 2146 2620 2229 inpellat.

269 2232 459 2317 Ipsos
506 2232 818 2298 missuros
867 2232 947 2297 ad
995 2232 1346 2317 oraculum,
1391 2254 1524 2297 non
1571 2234 1682 2319 qui
1718 2231 1940 2298 Iovem
1983 2234 2406 2335 interrogent,
2452 2234 2623 2336 quod
2663 2246 2692 2295 7

272 2344 349 2388 ex
406 2342 561 2406 rege
608 2322 1058 2406 cognoverint,
1118 2322 1230 2387 sed
1278 2322 1387 2407 qui
1434 2324 1684 2406 gratias
1733 2326 1960 2407 agant,
2007 2322 2118 2408 qui
2162 2326 2320 2388 vota
2363 2345 2481 2408 pro
2530 2324 2622 2388 in·

273 2411 649 2477 columitate
695 2412 869 2495 regis
917 2410 1151 2495 optimi
1187 2433 1336 2495 pers
1309 2410 1586 2478 oolvant.
1675 2411 1840 2476 Tum
1877 2434 2031 2478 vero
2070 2413 2370 2478 universa
2407 2413 2622 2478 contio
2661 2423 2693 2472 8

1500 2605 1823 2658 schwacher
1859 2605 1944 2658 als
1978 2606 2352 2674 frementium,
2389 2611 2626 2674 strepen-

1497 2676 1658 2740 tium,
1693 2674 2020 2730 bezeichnet
2055 2676 2165 2730 den
2201 2676 2373 2745 dump
2375 2675 2470 2729 fen
2503 2675 2626 2731 'Pon

1498 2746 1601 2799 des
1633 2743 1942 2799 Geflfisters
1977 2744 2132 2800 einer
2167 2747 2305 2800 leise
2341 2747 2626 2801 redenden

1498 2815 1718 2886 Menge.
1756 2845 1822 2856 —-
1857 2817 2139 2870 silentio
2173 2818 2400 2870 verius
2433 2835 2626 2885 qaam

1500 2903 1689 2955 sono,
1753 2885 1876 2940 eine
1930 2886 2252 2942 manierirte
2307 2887 2624 2956 Wendung‚

1500 2957 1900 3082 vg1.mmina
1951 2959 2134 3013 verius
2187 2975 2352 3027 quam
2402 2960 2628 3013 auxilia

694 2638 821 2693 CAP.
859 2638 955 2692 XI.
990 2682 993 2688 .

348 2751 395 2797 1.
434 2743 666 2799 Bolon.
734 2745 905 2800 Sonst
936 2744 1098 2800 nicht
1123 2745 1389 2801 bekannt.

268 2843 338 2854 -
372 2817 573 2884 pacis
600 2818 849 2870 artium
876 2819 983 2870 etc.
1032 2815 1392 2872 Uebersetze:

274 2885 487 2940 ‘edlere
513 2886 771 2968 Bildung
814 2887 931 2940 und
966 2885 1175 2941 feinere
1212 2885 1393 2942 Genit—

269 2960 415 3042 tang
458 2955 781 3014 friedlicher
824 2958 1088 3027 Bffiger'·
1134 2963 1278 3013 artes
1324 2983 1392 3004 ---·

270 3023 469 3094 τρόποι
496 3028 573 3081 ist
590 3028 673 3082 oft
700 3027 961 3082 ziemlich
986 3045 1261 3098 synonym
1287 3029 1395 3084 mit

270 3114 472 3163 mores,
514 3098 630 3168 vgl.
670 3099 803 3154 Sall.
840 3100 967 3168 Jug.
1006 3104 1077 3155 85
1122 3101 1394 3155 civitatem

270 3170 503 3224 retinere
526 3187 591 3224 m
622 3171 780 3225 bonis
806 3171 1023 3224 cra-tibus
1050 3189 1101 3224 ιι.
1132 3171 1389 3226 ebendas.

271 3241 465 3294 iisdem
494 3243 725 3296 artibus.
753 3271 819 3282 ·-
840 3247 1219 3310 promotas,
1251 3243 1392 3297 ‘be-

270 3310 589 3378 fordert',
642 3312 703 3366 in
753 3313 963 3366 diesem
1010 3312 1180 3367 Sinne
1225 3313 1393 3368 nach-

272 3381 543 3436 classisch
578 3383 669 3436 ffir
694 3384 983 3438 traductus
1012 3383 1233 3452 (Caesq)
1262 3399 1393 3452 pro-

273 3453 497 3520 ductae,
526 3459 815 3520 provectus
848 3454 1027 3523 (Cia).

348 3527 398 3575 2.
465 3540 629 3590 qaae
691 3531 1141 3592 occupassent.
1232 3525 1395 3579 Sinn.

278 3591 371 3646 die
416 3592 584 3646 ihnen
628 3595 790 3649 nicht
832 3595 1005 3650 aUein
1048 3596 1399 3678 zugewiesen

276 3678 493 3730 waren,
541 3665 778 3718 sondern
824 3683 935 3720 von
969 3667 1151 3722 denen
1186 3666 1265 3722 sie
1302 3669 1397 3721 be-

275 3733 413 3788 reits
435 3704 618 3788 B’esitz
647 3735 907 3804 ergriffen
924 3739 1137 3794 hatten.
1152 3767 1219 3778 —-
1232 3755 1398 3808 pur-

273 3810 585 3872 9amenta
619 3823 981 3874 servorum,
1014 3809 1121 3864 wie
1159 3816 1209 3864 8.
1249 3813 1298 3862 5.
1338 3816 1398 3877 83

278 3881 363 3932 10.
421 3881 471 3930 2.
530 3882 577 3931 7.
628 3893 792 3946 pura.
848 3880 1081 3934 urbium.
1179 3879 1398 3949 Pwrya-

274 3951 460 4001 menta
496 3972 566 3994 ==
609 3947 982 4004 ‘Auswurf'
1031 3951 1113 4004 im
1150 3952 1397 4004 {iberti-a.-

278 4034 461 4086 genen
490 4017 661 4073 Sinne
697 4021 774 4073 ist
808 4020 1232 4077 nachclassisch.
1300 4021 1401 4075 Bei

278 4087 603 4144 Classikern
640 4089 827 4146 daffir.
863 4093 1023 4159 faex,
1058 4094 1289 4147 sentina

349 4165 399 4215 3.
465 4162 631 4215 totis
684 4163 1145 4231 vicis‚1‘ibers.:

280 4228 537 4286 Strassen
576 4233 848 4302 entlang’.
890 4264 955 4274 -
994 4249 1204 4302 supra
1240 4249 1399 4287 som—

276 4315 430 4354 nam
460 4317 501 4354 s.
534 4307 582 4355 ’1.
610 4308 694 4356 22.
717 4335 782 4344 -
812 4305 1401 4369 murmurantium,

1573 3105 1626 3155 4.
1657 3100 1952 3154 rusticos
1979 3099 2280 3154 homines.
2319 3099 2420 3152 Als
2435 3099 2627 3153 solehe

1501 3169 1862 3225 bezeichnete
1899 3169 2046 3226 Phil.
2085 3169 2239 3225 seine
2270 3169 2626 3224 Landsleute.

1503 3241 1609 3295 Die
1627 3242 1901 3311 Phrygier
1927 3242 2043 3295 und
2068 3240 2478 3311 Paphlagonier
2504 3241 2623 3310 gal-

1500 3313 1599 3366 ten
1635 3311 1720 3368 als
1756 3313 2111 3367 beschrankt.

1576 3390 1626 3436 5.
1689 3384 2125 3440 invidiosum.
2209 3385 2316 3438 Zur
2364 3385 2544 3439 Sache
2583 3401 2626 3438 s.

1504 3461 1556 3508 9.
1597 3459 1689 3518 183
1741 3460 1823 3508 10.
1861 3461 1957 3521 26ς
2003 3456 2206 3510 scilicet
2239 3455 2320 3510 ist
2353 3455 2625 3522 ironisch;

1504 3526 1603 3580 der
1631 3525 1908 3594 Sprecher
1935 3527 2127 3594 meint‚
2159 3527 2306 3580 Phil.
2335 3527 2480 3580 habe
2509 3526 2626 3585 die·

1504 3613 1592 3650 ses
1627 3596 1807 3651 Motiv
1844 3613 1948 3650 nur
1987 3598 2326 3652 erheuchelt.
2406 3622 2412 3626 ·

1579 3673 1628 3722 6.
1665 3670 1952 3734 mittere,
1988 3669 2058 3723 de
2093 3671 2300 3724 conatu
2325 3669 2432 3722 wie
2459 3669 2626 3734 facie-

1506 3739 1632 3792 bam
1663 3744 1743 3792 10.
1767 3744 1851 3792 27.
1887 3771 1946 3778 --
1980 3741 2248 3807 praesit
2273 3741 2346 3794 in
2375 3739 2625 3794 Media.

1506 3809 1582 3862 So
1618 3825 1788 3878 sagen
1836 3811 1982 3864 auch
2019 3809 2132 3864 Cic.
2170 3811 2286 3864 und
2321 3810 2441 3864 Liv.
2479 3811 2628 3864 ohne

1507 3879 1867 3965 beigeffigten
1887 3881 2058 3935 Dativ
2077 3897 2328 3950 praeesse
2351 3881 2416 3934 in
2439 3881 2630 3948 aliqua

1506 3952 1664 4018 vrbe,
1701 3953 1932 4022 reqiom.

1583 4028 1629 4076 7.
1669 4024 2118 4091 cognoverint.
2181 4022 2486 4076 ZurSache
2516 4023 2628 4091 vgl.

1508 4090 1600 4147 die
1638 4092 1836 4148 Worte
1886 4093 1982 4147 des
2019 4092 2272 4147 Philotas
2314 4098 2394 4147 10.
2433 4097 2521 4147 28.
2561 4123 2628 4132 -—

1203 4163 1401 4230 ‘ganze
1499 4165 1914 4232 persolvant.
1987 4170 2113 4218 vota
2156 4165 2384 4230 solvere,
2421 4166 2627 4232 persol—

1506 4249 1628 4286 vere
1653 4235 1730 4287 ist
1756 4234 1916 4289 nicht
1943 4233 2246 4289 Gelfibde
2282 4235 2454 4288 thun
2479 4238 2632 4302 (vota

1506 4321 1848 4374 nuncupare,
1877 4306 2186 4374 suscipere),
2215 4306 2482 4361 condem.
2523 4307 2632 4362 ein
