<?xml version="1.0" encoding="UTF-8"?>
<!DOCTYPE html PUBLIC "-//W3C//DTD XHTML 1.0 Transitional//EN"
    "http://www.w3.org/TR/xhtml1/DTD/xhtml1-transitional.dtd">
<html xmlns="http://www.w3.org/1999/xhtml" xml:lang="en" lang="en">
 <head>
  <title>
</title>
<meta http-equiv="Content-Type" content="text/html;charset=utf-8" />
  <meta name='ocr-system' content='tesseract 3.04.00' />
  <meta name='ocr-capabilities' content='ocr_page ocr_carea ocr_par ocr_line ocrx_word'/>
</head>
<body>
  <div class='ocr_page' id='page_1' title='image "./qcurtirufihisto00vogegoog_0311.png"; bbox 0 0 3069 4749; ppageno 0'>
   <div class='ocr_carea' id='block_1_1' title="bbox 816 144 2604 215">
    <p class='ocr_par' dir='ltr' id='par_1_1' title="bbox 816 144 2604 215">
     <span class='ocr_line' id='line_1_1' title="bbox 816 144 2604 215; baseline 0 -16"><span class='ocrx_word' id='word_1_1' title='bbox 816 145 1323 201; x_wconf 85' lang='lat' dir='ltr'><strong>HISTORIARUM</strong></span> <span class='ocrx_word' id='word_1_2' title='bbox 1359 144 1790 201; x_wconf 80' lang='lat' dir='ltr'><strong>ALEXANDRI</strong></span> <span class='ocrx_word' id='word_1_3' title='bbox 1827 144 1950 215; x_wconf 91' lang='lat' dir='ltr'><strong>VII,</strong></span> <span class='ocrx_word' id='word_1_4' title='bbox 1987 151 2038 199; x_wconf 88' lang='lat'><strong>4.</strong></span> <span class='ocrx_word' id='word_1_5' title='bbox 2519 144 2604 209; x_wconf 84' lang='grc'><strong>69</strong></span> 
     </span>
    </p>
   </div>
   <div class='ocr_carea' id='block_1_2' title="bbox 258 307 2694 665">
    <p class='ocr_par' dir='ltr' id='par_1_2' title="bbox 258 307 2694 665">
     <span class='ocr_line' id='line_1_2' title="bbox 260 307 2621 393; baseline -0.002 -16"><span class='ocrx_word' id='word_1_6' title='bbox 260 312 441 377; x_wconf 81' lang='lat' dir='ltr'><strong>velut</strong></span> <span class='ocrx_word' id='word_1_7' title='bbox 485 332 745 375; x_wconf 87' lang='lat' dir='ltr'><strong>murum</strong></span> <span class='ocrx_word' id='word_1_8' title='bbox 794 308 1195 374; x_wconf 88' lang='lat' dir='ltr'><strong>obiecturum</strong></span> <span class='ocrx_word' id='word_1_9' title='bbox 1240 307 1444 392; x_wconf 91' lang='lat' dir='ltr'><strong>hosti,</strong></span> <span class='ocrx_word' id='word_1_10' title='bbox 1490 307 1646 373; x_wconf 89' lang='lat' dir='ltr'><strong>dum</strong></span> <span class='ocrx_word' id='word_1_11' title='bbox 1693 328 1770 371; x_wconf 85' lang='lat' dir='ltr'><strong>ex</strong></span> <span class='ocrx_word' id='word_1_12' title='bbox 1813 307 2116 373; x_wconf 85' lang='lat' dir='ltr'><strong>finitimis</strong></span> <span class='ocrx_word' id='word_1_13' title='bbox 2161 308 2468 393; x_wconf 83' lang='lat' dir='ltr'><strong>gentibus</strong></span> <span class='ocrx_word' id='word_1_14' title='bbox 2513 330 2621 373; x_wconf 78' lang='lat' dir='ltr'><strong>va-</strong></span> 
     </span>
     <span class='ocr_line' id='line_1_3' title="bbox 258 394 2694 467; baseline -0.002 0"><span class='ocrx_word' id='word_1_15' title='bbox 258 402 395 467; x_wconf 88' lang='lat' dir='ltr'><strong>lida</strong></span> <span class='ocrx_word' id='word_1_16' title='bbox 430 399 677 465; x_wconf 86' lang='lat' dir='ltr'><strong>auxilia</strong></span> <span class='ocrx_word' id='word_1_17' title='bbox 706 401 1175 463; x_wconf 73' lang='lat' dir='ltr'><strong>concurrerent.</strong></span> <span class='ocrx_word' id='word_1_18' title='bbox 1244 395 1576 463; x_wconf 80' lang='lat' dir='ltr'><strong>Venturos</strong></span> <span class='ocrx_word' id='word_1_19' title='bbox 1607 399 1828 461; x_wconf 87' lang='lat' dir='ltr'><strong>autem</strong></span> <span class='ocrx_word' id='word_1_20' title='bbox 1854 394 2274 462; x_wconf 74' lang='lat' dir='ltr'><strong>Chorasmios</strong></span> <span class='ocrx_word' id='word_1_21' title='bbox 2306 402 2371 463; x_wconf 91' lang='lat' dir='ltr'><strong>et</strong></span> <span class='ocrx_word' id='word_1_22' title='bbox 2397 396 2624 464; x_wconf 81' lang='lat' dir='ltr'><strong>Dahas</strong></span> <span class='ocrx_word' id='word_1_23' title='bbox 2661 411 2694 460; x_wconf 85' lang='grc'><strong>6</strong></span> 
     </span>
     <span class='ocr_line' id='line_1_4' title="bbox 260 485 2623 573; baseline -0.003 -18"><span class='ocrx_word' id='word_1_24' title='bbox 260 490 589 573; x_wconf 78' lang='lat' dir='ltr'><strong>Sacasque</strong></span> <span class='ocrx_word' id='word_1_25' title='bbox 646 491 713 551; x_wconf 90' lang='lat' dir='ltr'><strong>et</strong></span> <span class='ocrx_word' id='word_1_26' title='bbox 764 486 961 550; x_wconf 88' lang='lat' dir='ltr'><strong>Indos</strong></span> <span class='ocrx_word' id='word_1_27' title='bbox 1023 490 1091 550; x_wconf 91' lang='lat' dir='ltr'><strong>et</strong></span> <span class='ocrx_word' id='word_1_28' title='bbox 1136 487 1311 551; x_wconf 87' lang='lat' dir='ltr'><strong>ultra</strong></span> <span class='ocrx_word' id='word_1_29' title='bbox 1356 485 1609 551; x_wconf 83' lang='lat' dir='ltr'><strong>Tanain</strong></span> <span class='ocrx_word' id='word_1_30' title='bbox 1661 506 1922 550; x_wconf 90' lang='lat' dir='ltr'><strong>amnem</strong></span> <span class='ocrx_word' id='word_1_31' title='bbox 1981 486 2268 551; x_wconf 89' lang='lat' dir='ltr'><strong>colentes</strong></span> <span class='ocrx_word' id='word_1_32' title='bbox 2318 485 2623 571; x_wconf 82' lang='lat' dir='ltr'><strong>Scythas:</strong></span> 
     </span>
     <span class='ocr_line' id='line_1_5' title="bbox 262 574 2622 665; baseline -0.002 -21"><span class='ocrx_word' id='word_1_33' title='bbox 262 600 539 665; x_wconf 87' lang='lat' dir='ltr'><strong>quorum</strong></span> <span class='ocrx_word' id='word_1_34' title='bbox 600 576 931 641; x_wconf 88' lang='lat' dir='ltr'><strong>neminem</strong></span> <span class='ocrx_word' id='word_1_35' title='bbox 998 575 1155 640; x_wconf 90' lang='lat' dir='ltr'><strong>adeo</strong></span> <span class='ocrx_word' id='word_1_36' title='bbox 1219 575 1538 640; x_wconf 88' lang='lat' dir='ltr'><strong>humilem</strong></span> <span class='ocrx_word' id='word_1_37' title='bbox 1605 594 1771 659; x_wconf 87' lang='lat' dir='ltr'><strong>esse,</strong></span> <span class='ocrx_word' id='word_1_38' title='bbox 1836 578 1910 639; x_wconf 88' lang='lat' dir='ltr'><strong>ut</strong></span> <span class='ocrx_word' id='word_1_39' title='bbox 1968 574 2225 639; x_wconf 90' lang='lat' dir='ltr'><strong>humeri</strong></span> <span class='ocrx_word' id='word_1_40' title='bbox 2289 574 2426 641; x_wconf 91' lang='lat' dir='ltr'><strong>eius</strong></span> <span class='ocrx_word' id='word_1_41' title='bbox 2490 597 2622 640; x_wconf 92' lang='lat' dir='ltr'><strong>non</strong></span> 
     </span>
    </p>
   </div>
   <div class='ocr_carea' id='block_1_3' title="bbox 261 662 1956 752">
    <p class='ocr_par' dir='ltr' id='par_1_3' title="bbox 261 662 1956 752">
     <span class='ocr_line' id='line_1_6' title="bbox 261 662 1956 752; baseline -0.004 -19"><span class='ocrx_word' id='word_1_42' title='bbox 261 670 535 752; x_wconf 87' lang='lat' dir='ltr'><strong>possent</strong></span> <span class='ocrx_word' id='word_1_43' title='bbox 578 664 953 730; x_wconf 85' lang='lat' dir='ltr'><strong>Macedonis</strong></span> <span class='ocrx_word' id='word_1_44' title='bbox 1000 664 1230 729; x_wconf 87' lang='lat' dir='ltr'><strong>militis</strong></span> <span class='ocrx_word' id='word_1_45' title='bbox 1276 664 1592 729; x_wconf 82' lang='lat' dir='ltr'><strong>verticem</strong></span> <span class='ocrx_word' id='word_1_46' title='bbox 1639 662 1956 748; x_wconf 85' lang='lat' dir='ltr'><strong>aequare&#39;.</strong></span> 
     </span>
    </p>
   </div>
   <div class='ocr_carea' id='block_1_4' title="bbox 2053 662 2690 730">
    <p class='ocr_par' dir='ltr' id='par_1_4' title="bbox 2053 662 2690 730">
     <span class='ocr_line' id='line_1_7' title="bbox 2053 662 2690 730; baseline 0 -3"><span class='ocrx_word' id='word_1_47' title='bbox 2053 662 2482 730; x_wconf 83' lang='lat' dir='ltr'><strong>Conclamant</strong></span> <span class='ocrx_word' id='word_1_48' title='bbox 2525 668 2618 729; x_wconf 86' lang='lat' dir='ltr'><strong>te·</strong></span> <span class='ocrx_word' id='word_1_49' title='bbox 2661 678 2690 727; x_wconf 75' lang='grc' dir='ltr'><em>ἰ</em></span> 
     </span>
    </p>
   </div>
   <div class='ocr_carea' id='block_1_5' title="bbox 264 750 2629 928">
    <p class='ocr_par' dir='ltr' id='par_1_5' title="bbox 264 750 2629 928">
     <span class='ocr_line' id='line_1_8' title="bbox 264 750 2629 839; baseline -0.002 -18"><span class='ocrx_word' id='word_1_50' title='bbox 264 755 557 839; x_wconf 86' lang='lat' dir='ltr'><strong>mulenti,</strong></span> <span class='ocrx_word' id='word_1_51' title='bbox 592 776 789 818; x_wconf 89' lang='lat' dir='ltr'><strong>unam</strong></span> <span class='ocrx_word' id='word_1_52' title='bbox 817 753 987 817; x_wconf 88' lang='lat' dir='ltr'><strong>hanc</strong></span> <span class='ocrx_word' id='word_1_53' title='bbox 1016 754 1413 823; x_wconf 85' lang='lat' dir='ltr'><strong>sententiam</strong></span> <span class='ocrx_word' id='word_1_54' title='bbox 1442 753 1774 817; x_wconf 87' lang='lat' dir='ltr'><strong>salubrem</strong></span> <span class='ocrx_word' id='word_1_55' title='bbox 1802 773 1962 836; x_wconf 88' lang='lat' dir='ltr'><strong>esse,</strong></span> <span class='ocrx_word' id='word_1_56' title='bbox 1992 755 2059 817; x_wconf 86' lang='lat' dir='ltr'><strong>et</strong></span> <span class='ocrx_word' id='word_1_57' title='bbox 2087 750 2330 817; x_wconf 87' lang='lat' dir='ltr'><strong>Bessus</strong></span> <span class='ocrx_word' id='word_1_58' title='bbox 2359 754 2629 819; x_wconf 86' lang='lat' dir='ltr'><strong>circum-</strong></span> 
     </span>
     <span class='ocr_line' id='line_1_9' title="bbox 264 841 2628 928; baseline -0.002 -19"><span class='ocrx_word' id='word_1_59' title='bbox 264 846 421 911; x_wconf 87' lang='lat' dir='ltr'><strong>ferri</strong></span> <span class='ocrx_word' id='word_1_60' title='bbox 467 865 717 909; x_wconf 90' lang='lat' dir='ltr'><strong>merum</strong></span> <span class='ocrx_word' id='word_1_61' title='bbox 760 841 1009 927; x_wconf 83' lang='lat' dir='ltr'><strong>largius</strong></span> <span class='ocrx_word' id='word_1_62' title='bbox 1048 842 1253 928; x_wconf 87' lang='lat' dir='ltr'><strong>iubet,</strong></span> <span class='ocrx_word' id='word_1_63' title='bbox 1298 842 1744 907; x_wconf 86' lang='lat' dir='ltr'><strong>debellaturus</strong></span> <span class='ocrx_word' id='word_1_64' title='bbox 1785 862 1978 924; x_wconf 87' lang='lat' dir='ltr'><strong>super</strong></span> <span class='ocrx_word' id='word_1_65' title='bbox 2017 863 2312 907; x_wconf 87' lang='lat' dir='ltr'><strong>mensam</strong></span> <span class='ocrx_word' id='word_1_66' title='bbox 2347 841 2628 907; x_wconf 81' lang='lat' dir='ltr'><strong>Alexan-</strong></span> 
     </span>
    </p>
   </div>
   <div class='ocr_carea' id='block_1_6' title="bbox 159 928 2700 1013">
    <p class='ocr_par' dir='ltr' id='par_1_6' title="bbox 159 928 2700 1013">
     <span class='ocr_line' id='line_1_10' title="bbox 159 928 2700 1013; baseline -0.002 -13"><span class='ocrx_word' id='word_1_67' title='bbox 159 936 245 1000; x_wconf 82' lang='lat'><strong>16</strong></span> <span class='ocrx_word' id='word_1_68' title='bbox 268 936 475 999; x_wconf 87' lang='lat' dir='ltr'><strong>drum.</strong></span> <span class='ocrx_word' id='word_1_69' title='bbox 534 932 702 997; x_wconf 83' lang='lat' dir='ltr'><strong>Erat</strong></span> <span class='ocrx_word' id='word_1_70' title='bbox 736 932 809 995; x_wconf 91' lang='lat' dir='ltr'><strong>in</strong></span> <span class='ocrx_word' id='word_1_71' title='bbox 836 953 911 995; x_wconf 93' lang='lat' dir='ltr'><strong>eo</strong></span> <span class='ocrx_word' id='word_1_72' title='bbox 942 932 1237 997; x_wconf 80' lang='lat' dir='ltr'><strong>convivio</strong></span> <span class='ocrx_word' id='word_1_73' title='bbox 1270 928 1579 1011; x_wconf 81' lang='lat' dir='ltr'><strong>Gobares,</strong></span> <span class='ocrx_word' id='word_1_74' title='bbox 1613 930 1883 995; x_wconf 89' lang='lat' dir='ltr'><strong>natione</strong></span> <span class='ocrx_word' id='word_1_75' title='bbox 1909 928 2160 1013; x_wconf 78' lang='lat' dir='ltr'><strong>MeduS,</strong></span> <span class='ocrx_word' id='word_1_76' title='bbox 2198 930 2308 994; x_wconf 87' lang='lat' dir='ltr'><strong>sed</strong></span> <span class='ocrx_word' id='word_1_77' title='bbox 2337 930 2628 1013; x_wconf 84' lang='lat' dir='ltr'><strong>magicae</strong></span> <span class='ocrx_word' id='word_1_78' title='bbox 2667 945 2700 994; x_wconf 87' lang='lat'>8</span> 
     </span>
    </p>
   </div>
   <div class='ocr_carea' id='block_1_7' title="bbox 265 1018 2738 1814">
    <p class='ocr_par' dir='ltr' id='par_1_7' title="bbox 265 1018 2738 1814">
     <span class='ocr_line' id='line_1_11' title="bbox 270 1018 2630 1103; baseline -0.002 -15"><span class='ocrx_word' id='word_1_79' title='bbox 270 1022 433 1088; x_wconf 86' lang='lat' dir='ltr'><strong>artis</strong></span> <span class='ocrx_word' id='word_1_80' title='bbox 467 1056 545 1067; x_wconf 83' lang='lat'><strong>--</strong></span> <span class='ocrx_word' id='word_1_81' title='bbox 580 1020 638 1085; x_wconf 87' lang='lat' dir='ltr'><strong>si</strong></span> <span class='ocrx_word' id='word_1_82' title='bbox 683 1020 877 1085; x_wconf 90' lang='lat' dir='ltr'><strong>modo</strong></span> <span class='ocrx_word' id='word_1_83' title='bbox 926 1041 1033 1085; x_wconf 89' lang='lat' dir='ltr'><strong>ars</strong></span> <span class='ocrx_word' id='word_1_84' title='bbox 1080 1023 1199 1097; x_wconf 88' lang='lat' dir='ltr'><strong>est,</strong></span> <span class='ocrx_word' id='word_1_85' title='bbox 1242 1042 1378 1085; x_wconf 89' lang='lat' dir='ltr'><strong>non</strong></span> <span class='ocrx_word' id='word_1_86' title='bbox 1399 1018 1766 1085; x_wconf 79' lang='lat' dir='ltr'><strong>&#39;vanissimi</strong></span> <span class='ocrx_word' id='word_1_87' title='bbox 1803 1019 2112 1103; x_wconf 89' lang='lat' dir='ltr'><strong>cuiusque</strong></span> <span class='ocrx_word' id='word_1_88' title='bbox 2151 1019 2505 1084; x_wconf 89' lang='lat' dir='ltr'><strong>ludibrium</strong></span> <span class='ocrx_word' id='word_1_89' title='bbox 2547 1054 2630 1065; x_wconf 91' lang='lat'><strong>—-</strong></span> 
     </span>
     <span class='ocr_line' id='line_1_12' title="bbox 265 1108 2636 1196; baseline -0.002 -21"><span class='ocrx_word' id='word_1_90' title='bbox 265 1111 479 1196; x_wconf 84' lang='lat' dir='ltr'><strong>magis</strong></span> <span class='ocrx_word' id='word_1_91' title='bbox 525 1108 931 1193; x_wconf 81' lang='lat' dir='ltr'><strong>professione</strong></span> <span class='ocrx_word' id='word_1_92' title='bbox 977 1131 1173 1193; x_wconf 90' lang='lat' dir='ltr'><strong>quam</strong></span> <span class='ocrx_word' id='word_1_93' title='bbox 1220 1110 1495 1174; x_wconf 86' lang='lat' dir='ltr'><strong>scientia</strong></span> <span class='ocrx_word' id='word_1_94' title='bbox 1544 1108 1814 1192; x_wconf 78' lang='lat' dir='ltr'><strong>celeber,</strong></span> <span class='ocrx_word' id='word_1_95' title='bbox 1860 1108 2108 1191; x_wconf 86' lang='lat' dir='ltr'><strong>alioqui</strong></span> <span class='ocrx_word' id='word_1_96' title='bbox 2153 1108 2526 1173; x_wconf 89' lang='lat' dir='ltr'><strong>moderatus</strong></span> <span class='ocrx_word' id='word_1_97' title='bbox 2567 1111 2636 1171; x_wconf 92' lang='lat' dir='ltr'><strong>et</strong></span> 
     </span>
     <span class='ocr_line' id='line_1_13' title="bbox 266 1195 2699 1284; baseline -0.002 -19"><span class='ocrx_word' id='word_1_98' title='bbox 266 1200 532 1284; x_wconf 88' lang='lat' dir='ltr'><strong>probus.</strong></span> <span class='ocrx_word' id='word_1_99' title='bbox 622 1196 689 1262; x_wconf 89' lang='lat' dir='ltr'><strong>Is</strong></span> <span class='ocrx_word' id='word_1_100' title='bbox 728 1219 875 1262; x_wconf 90' lang='lat' dir='ltr'><strong>cum</strong></span> <span class='ocrx_word' id='word_1_101' title='bbox 912 1197 1245 1282; x_wconf 87' lang='lat' dir='ltr'><strong>praefatus</strong></span> <span class='ocrx_word' id='word_1_102' title='bbox 1286 1202 1479 1282; x_wconf 87' lang='lat' dir='ltr'><strong>esset,</strong></span> <span class='ocrx_word' id='word_1_103' title='bbox 1526 1197 1692 1261; x_wconf 88' lang='lat' dir='ltr'><strong>scire</strong></span> <span class='ocrx_word' id='word_1_104' title='bbox 1731 1218 1919 1262; x_wconf 82' lang='lat' dir='ltr'><strong>servo</strong></span> <span class='ocrx_word' id='word_1_105' title='bbox 1959 1196 2188 1261; x_wconf 90' lang='lat' dir='ltr'><strong>utilius</strong></span> <span class='ocrx_word' id='word_1_106' title='bbox 2229 1195 2368 1261; x_wconf 84' lang='lat' dir='ltr'><strong>esse</strong></span> <span class='ocrx_word' id='word_1_107' title='bbox 2402 1216 2630 1280; x_wconf 86' lang='lat' dir='ltr'><strong>parere</strong></span> <span class='ocrx_word' id='word_1_108' title='bbox 2668 1212 2699 1260; x_wconf 86' lang='lat'>9</span> 
     </span>
     <span class='ocr_line' id='line_1_14' title="bbox 267 1284 2634 1371; baseline -0.001 -18"><span class='ocrx_word' id='word_1_109' title='bbox 267 1289 443 1353; x_wconf 90' lang='lat' dir='ltr'><strong>dicto</strong></span> <span class='ocrx_word' id='word_1_110' title='bbox 508 1308 703 1371; x_wconf 89' lang='lat' dir='ltr'><strong>quam</strong></span> <span class='ocrx_word' id='word_1_111' title='bbox 760 1285 1011 1351; x_wconf 88' lang='lat' dir='ltr'><strong>adferre</strong></span> <span class='ocrx_word' id='word_1_112' title='bbox 1068 1287 1443 1371; x_wconf 89' lang='lat' dir='ltr'><strong>consilium,</strong></span> <span class='ocrx_word' id='word_1_113' title='bbox 1498 1307 1646 1351; x_wconf 90' lang='lat' dir='ltr'><strong>cum</strong></span> <span class='ocrx_word' id='word_1_114' title='bbox 1705 1284 1884 1368; x_wconf 80' lang='lat' dir='ltr'><strong>illos,</strong></span> <span class='ocrx_word' id='word_1_115' title='bbox 1944 1286 2054 1369; x_wconf 90' lang='lat' dir='ltr'><strong>qui</strong></span> <span class='ocrx_word' id='word_1_116' title='bbox 2098 1289 2404 1369; x_wconf 87' lang='lat' dir='ltr'><strong>pareant,</strong></span> <span class='ocrx_word' id='word_1_117' title='bbox 2459 1285 2634 1351; x_wconf 90' lang='lat' dir='ltr'><strong>idem</strong></span> 
     </span>
     <span class='ocr_line' id='line_1_15' title="bbox 268 1374 2632 1461; baseline -0.002 -20"><span class='ocrx_word' id='word_1_118' title='bbox 268 1376 441 1461; x_wconf 89' lang='lat' dir='ltr'><strong>quod</strong></span> <span class='ocrx_word' id='word_1_119' title='bbox 497 1379 749 1439; x_wconf 90' lang='lat' dir='ltr'><strong>ceteros</strong></span> <span class='ocrx_word' id='word_1_120' title='bbox 804 1379 1093 1458; x_wconf 89' lang='lat' dir='ltr'><strong>maneat,</strong></span> <span class='ocrx_word' id='word_1_121' title='bbox 1148 1376 1261 1460; x_wconf 90' lang='lat' dir='ltr'><strong>qui</strong></span> <span class='ocrx_word' id='word_1_122' title='bbox 1316 1396 1472 1441; x_wconf 82' lang='lat' dir='ltr'><strong>vero</strong></span> <span class='ocrx_word' id='word_1_123' title='bbox 1520 1374 1866 1457; x_wconf 76' lang='lat' dir='ltr'><strong>suadeant,</strong></span> <span class='ocrx_word' id='word_1_124' title='bbox 1911 1374 2250 1457; x_wconf 89' lang='lat' dir='ltr'><strong>proprium</strong></span> <span class='ocrx_word' id='word_1_125' title='bbox 2295 1375 2422 1439; x_wconf 92' lang='lat' dir='ltr'><strong>sibi</strong></span> <span class='ocrx_word' id='word_1_126' title='bbox 2465 1375 2632 1458; x_wconf 84' lang='lat' dir='ltr'><strong>peri·</strong></span> 
     </span>
     <span class='ocr_line' id='line_1_16' title="bbox 266 1458 2634 1547; baseline -0.001 -18"><span class='ocrx_word' id='word_1_127' title='bbox 266 1466 483 1529; x_wconf 87' lang='lat' dir='ltr'><strong>culum</strong></span> <span class='ocrx_word' id='word_1_128' title='bbox 528 1464 900 1529; x_wconf 73' lang='lat' dir='ltr'><strong>contrahant</strong></span> <span class='ocrx_word' id='word_1_129' title='bbox 916 1485 937 1528; x_wconf 93' lang='lat'><strong>.·</strong></span> <span class='ocrx_word' id='word_1_130' title='bbox 984 1462 1218 1530; x_wconf 80' lang='lat' dir='ltr'><strong>Bessus</strong></span> <span class='ocrx_word' id='word_1_131' title='bbox 1260 1484 1400 1529; x_wconf 79' lang='lat' dir='ltr'><strong>eum</strong></span> <span class='ocrx_word' id='word_1_132' title='bbox 1436 1464 1816 1545; x_wconf 78' lang='lat' dir='ltr'><strong>intrepidwm</strong></span> <span class='ocrx_word' id='word_1_133' title='bbox 1848 1464 2049 1527; x_wconf 81' lang='lat' dir='ltr'><strong>dicere</strong></span> <span class='ocrx_word' id='word_1_134' title='bbox 2082 1458 2284 1547; x_wconf 52' lang='lat' dir='ltr'><strong>ivtssit,</strong></span> <span class='ocrx_word' id='word_1_135' title='bbox 2328 1463 2634 1547; x_wconf 88' lang='lat' dir='ltr'><strong>poculum</strong></span> 
     </span>
     <span class='ocr_line' id='line_1_17' title="bbox 268 1550 2738 1636; baseline -0.001 -19"><span class='ocrx_word' id='word_1_136' title='bbox 268 1554 482 1634; x_wconf 89' lang='lat' dir='ltr'><strong>etiam,</strong></span> <span class='ocrx_word' id='word_1_137' title='bbox 528 1551 701 1636; x_wconf 90' lang='lat' dir='ltr'><strong>quod</strong></span> <span class='ocrx_word' id='word_1_138' title='bbox 736 1552 1025 1617; x_wconf 87' lang='lat' dir='ltr'><strong>habebat</strong></span> <span class='ocrx_word' id='word_1_139' title='bbox 1068 1553 1139 1617; x_wconf 89' lang='lat' dir='ltr'><strong>in</strong></span> <span class='ocrx_word' id='word_1_140' title='bbox 1185 1574 1400 1636; x_wconf 87' lang='lat' dir='ltr'><strong>manu,</strong></span> <span class='ocrx_word' id='word_1_141' title='bbox 1446 1551 1736 1617; x_wconf 82' lang='lat' dir='ltr'><strong>tradidit.</strong></span> <span class='ocrx_word' id='word_1_142' title='bbox 1820 1550 1962 1627; x_wconf 82' lang='lat' dir='ltr'><strong>Quo</strong></span> <span class='ocrx_word' id='word_1_143' title='bbox 2009 1555 2277 1635; x_wconf 81' lang='lat' dir='ltr'><strong>accepto</strong></span> <span class='ocrx_word' id='word_1_144' title='bbox 2326 1550 2631 1635; x_wconf 81' lang='lat' dir='ltr'><strong>Gobares,</strong></span> <span class='ocrx_word' id='word_1_145' title='bbox 2673 1566 2738 1615; x_wconf 89' lang='lat'><strong>10</strong></span> 
     </span>
     <span class='ocr_line' id='line_1_18' title="bbox 270 1640 2633 1725; baseline -0.002 -18"><span class='ocrx_word' id='word_1_146' title='bbox 270 1640 593 1722; x_wconf 56' lang='lat' dir='ltr'><strong>‘Natumz</strong></span> <span class='ocrx_word' id='word_1_147' title='bbox 648 1641 895 1725; x_wconf 89' lang='lat' dir='ltr'><strong>inquit,</strong></span> <span class='ocrx_word' id='word_1_148' title='bbox 950 1640 1351 1706; x_wconf 71' lang='lat' dir='ltr'><strong>‘mortalium</strong></span> <span class='ocrx_word' id='word_1_149' title='bbox 1403 1642 1530 1706; x_wconf 91' lang='lat' dir='ltr'><strong>hoc</strong></span> <span class='ocrx_word' id='word_1_150' title='bbox 1579 1662 1832 1725; x_wconf 90' lang='lat' dir='ltr'><strong>quoque</strong></span> <span class='ocrx_word' id='word_1_151' title='bbox 1877 1640 2141 1705; x_wconf 89' lang='lat' dir='ltr'><strong>nomine</strong></span> <span class='ocrx_word' id='word_1_152' title='bbox 2187 1662 2392 1723; x_wconf 81' lang='lat' dir='ltr'><strong>prava</strong></span> <span class='ocrx_word' id='word_1_153' title='bbox 2437 1644 2505 1705; x_wconf 91' lang='lat' dir='ltr'><strong>et</strong></span> <span class='ocrx_word' id='word_1_154' title='bbox 2551 1640 2633 1703; x_wconf 89' lang='lat' dir='ltr'><strong>si-</strong></span> 
     </span>
     <span class='ocr_line' id='line_1_19' title="bbox 268 1728 2632 1814; baseline -0.001 -19"><span class='ocrx_word' id='word_1_155' title='bbox 268 1731 484 1795; x_wconf 82' lang='lat' dir='ltr'><strong>nistra</strong></span> <span class='ocrx_word' id='word_1_156' title='bbox 528 1729 656 1795; x_wconf 88' lang='lat' dir='ltr'><strong>dici</strong></span> <span class='ocrx_word' id='word_1_157' title='bbox 699 1733 947 1814; x_wconf 88' lang='lat' dir='ltr'><strong>potest,</strong></span> <span class='ocrx_word' id='word_1_158' title='bbox 1006 1731 1179 1814; x_wconf 88' lang='lat' dir='ltr'><strong>quod</strong></span> <span class='ocrx_word' id='word_1_159' title='bbox 1232 1732 1302 1794; x_wconf 90' lang='lat' dir='ltr'><strong>in</strong></span> <span class='ocrx_word' id='word_1_160' title='bbox 1359 1752 1477 1795; x_wconf 91' lang='lat' dir='ltr'><strong>suo</strong></span> <span class='ocrx_word' id='word_1_161' title='bbox 1527 1730 1802 1814; x_wconf 88' lang='lat' dir='ltr'><strong>quisque</strong></span> <span class='ocrx_word' id='word_1_162' title='bbox 1846 1730 2112 1813; x_wconf 84' lang='lat' dir='ltr'><strong>negotio</strong></span> <span class='ocrx_word' id='word_1_163' title='bbox 2175 1728 2475 1793; x_wconf 89' lang='lat' dir='ltr'><strong>hebetior</strong></span> <span class='ocrx_word' id='word_1_164' title='bbox 2531 1733 2632 1793; x_wconf 89' lang='lat' dir='ltr'><strong>est</strong></span> 
     </span>
    </p>
   </div>
   <div class='ocr_carea' id='block_1_8' title="bbox 272 1817 2736 1903">
    <p class='ocr_par' dir='ltr' id='par_1_8' title="bbox 272 1817 2736 1903">
     <span class='ocr_line' id='line_1_20' title="bbox 272 1817 2736 1903; baseline -0.001 -20"><span class='ocrx_word' id='word_1_165' title='bbox 272 1841 471 1903; x_wconf 89' lang='lat' dir='ltr'><strong>quam</strong></span> <span class='ocrx_word' id='word_1_166' title='bbox 504 1818 575 1883; x_wconf 91' lang='lat' dir='ltr'><strong>in</strong></span> <span class='ocrx_word' id='word_1_167' title='bbox 612 1817 843 1883; x_wconf 89' lang='lat' dir='ltr'><strong>alien0.</strong></span> <span class='ocrx_word' id='word_1_168' title='bbox 874 1852 877 1857; x_wconf 96' lang='lat'>·</span> <span class='ocrx_word' id='word_1_169' title='bbox 916 1818 1203 1883; x_wconf 86' lang='lat' dir='ltr'><strong>Turbida</strong></span> <span class='ocrx_word' id='word_1_170' title='bbox 1240 1822 1393 1884; x_wconf 91' lang='lat' dir='ltr'><strong>sunt</strong></span> <span class='ocrx_word' id='word_1_171' title='bbox 1431 1819 1705 1884; x_wconf 90' lang='lat' dir='ltr'><strong>consilia</strong></span> <span class='ocrx_word' id='word_1_172' title='bbox 1741 1839 1982 1901; x_wconf 85' lang='lat' dir='ltr'><strong>eorum,</strong></span> <span class='ocrx_word' id='word_1_173' title='bbox 2022 1818 2132 1901; x_wconf 91' lang='lat' dir='ltr'><strong>qui</strong></span> <span class='ocrx_word' id='word_1_174' title='bbox 2171 1818 2298 1882; x_wconf 91' lang='lat' dir='ltr'><strong>sibi</strong></span> <span class='ocrx_word' id='word_1_175' title='bbox 2335 1818 2628 1891; x_wconf 83' lang='lat' dir='ltr'><strong>suadent.</strong></span> <span class='ocrx_word' id='word_1_176' title='bbox 2672 1833 2736 1881; x_wconf 92' lang='lat'><strong>11</strong></span> 
     </span>
    </p>
   </div>
   <div class='ocr_carea' id='block_1_9' title="bbox 272 1906 2632 1992">
    <p class='ocr_par' dir='ltr' id='par_1_9' title="bbox 272 1906 2632 1992">
     <span class='ocr_line' id='line_1_21' title="bbox 272 1906 2632 1992; baseline -0.001 -20"><span class='ocrx_word' id='word_1_177' title='bbox 272 1907 512 1973; x_wconf 87' lang='lat' dir='ltr'><strong>Obstat</strong></span> <span class='ocrx_word' id='word_1_178' title='bbox 566 1910 807 1987; x_wconf 87' lang='lat' dir='ltr'><strong>metus,</strong></span> <span class='ocrx_word' id='word_1_179' title='bbox 864 1908 1021 1972; x_wconf 87' lang='lat' dir='ltr'><strong>alias</strong></span> <span class='ocrx_word' id='word_1_180' title='bbox 1078 1907 1432 1992; x_wconf 87' lang='lat' dir='ltr'><strong>cupiditas,</strong></span> <span class='ocrx_word' id='word_1_181' title='bbox 1485 1927 1980 1990; x_wconf 88' lang='lat' dir='ltr'><strong>nonnumquam</strong></span> <span class='ocrx_word' id='word_1_182' title='bbox 2024 1906 2344 1971; x_wconf 87' lang='lat' dir='ltr'><strong>naturalis</strong></span> <span class='ocrx_word' id='word_1_183' title='bbox 2393 1928 2632 1987; x_wconf 86' lang='lat' dir='ltr'><strong>eorum,</strong></span> 
     </span>
    </p>
   </div>
   <div class='ocr_carea' id='block_1_10' title="bbox 271 1995 2416 2080">
    <p class='ocr_par' dir='ltr' id='par_1_10' title="bbox 271 1995 2416 2080">
     <span class='ocr_line' id='line_1_22' title="bbox 271 1995 2416 2080; baseline 0 -20"><span class='ocrx_word' id='word_1_184' title='bbox 271 2018 437 2080; x_wconf 89' lang='lat' dir='ltr'><strong>quae</strong></span> <span class='ocrx_word' id='word_1_185' title='bbox 485 1995 978 2080; x_wconf 82' lang='lat' dir='ltr'><strong>excogitaveris,</strong></span> <span class='ocrx_word' id='word_1_186' title='bbox 1026 2017 1233 2062; x_wconf 89' lang='lat' dir='ltr'><strong>amor:</strong></span> <span class='ocrx_word' id='word_1_187' title='bbox 1277 2019 1433 2062; x_wconf 89' lang='lat' dir='ltr'><strong>nam</strong></span> <span class='ocrx_word' id='word_1_188' title='bbox 1480 1998 1550 2060; x_wconf 92' lang='lat' dir='ltr'><strong>in</strong></span> <span class='ocrx_word' id='word_1_189' title='bbox 1595 2000 1662 2060; x_wconf 92' lang='lat' dir='ltr'><strong>te</strong></span> <span class='ocrx_word' id='word_1_190' title='bbox 1710 1996 2017 2079; x_wconf 90' lang='lat' dir='ltr'><strong>superbia</strong></span> <span class='ocrx_word' id='word_1_191' title='bbox 2054 2017 2187 2059; x_wconf 91' lang='lat' dir='ltr'><strong>non</strong></span> <span class='ocrx_word' id='word_1_192' title='bbox 2225 1995 2416 2060; x_wconf 88' lang='lat' dir='ltr'><strong>cadit.</strong></span> 
     </span>
    </p>
   </div>
   <div class='ocr_carea' id='block_1_11' title="bbox 270 2186 1416 4385">
    <p class='ocr_par' dir='ltr' id='par_1_11' title="bbox 270 2186 1404 3022">
     <span class='ocr_line' id='line_1_23' title="bbox 344 2186 1402 2256; baseline 0.001 -15"><span class='ocrx_word' id='word_1_193' title='bbox 344 2195 394 2242; x_wconf 89' lang='grc'><strong>6.</strong></span> <span class='ocrx_word' id='word_1_194' title='bbox 454 2186 956 2256; x_wconf 73' lang='lat' dir='ltr'><strong>Chorasmios,</strong></span> <span class='ocrx_word' id='word_1_195' title='bbox 1005 2187 1225 2242; x_wconf 73' lang='lat' dir='ltr'><strong>sfidlich</strong></span> <span class='ocrx_word' id='word_1_196' title='bbox 1270 2205 1402 2244; x_wconf 84' lang='lat' dir='ltr'><strong>vom</strong></span> 
     </span>
     <span class='ocr_line' id='line_1_24' title="bbox 271 2257 1403 2314; baseline 0.002 -3"><span class='ocrx_word' id='word_1_197' title='bbox 271 2257 557 2313; x_wconf 83' lang='lat' dir='ltr'><strong>Aral-See.</strong></span> <span class='ocrx_word' id='word_1_198' title='bbox 612 2258 741 2313; x_wconf 88' lang='lat' dir='ltr'><strong>Ihre</strong></span> <span class='ocrx_word' id='word_1_199' title='bbox 761 2257 1229 2313; x_wconf 80' lang='lat' dir='ltr'><strong>Grenznachbarn</strong></span> <span class='ocrx_word' id='word_1_200' title='bbox 1254 2259 1403 2314; x_wconf 85' lang='lat' dir='ltr'><strong>nach</strong></span> 
     </span>
     <span class='ocr_line' id='line_1_25' title="bbox 274 2328 1404 2399; baseline 0 -15"><span class='ocrx_word' id='word_1_201' title='bbox 274 2329 479 2399; x_wconf 78' lang='lat' dir='ltr'><strong>Siiden,</strong></span> <span class='ocrx_word' id='word_1_202' title='bbox 509 2329 745 2385; x_wconf 75' lang='lat' dir='ltr'><strong>Westen</strong></span> <span class='ocrx_word' id='word_1_203' title='bbox 770 2330 887 2386; x_wconf 88' lang='lat' dir='ltr'><strong>und</strong></span> <span class='ocrx_word' id='word_1_204' title='bbox 914 2328 1089 2385; x_wconf 75' lang='lat' dir='ltr'><strong>Oeten</strong></span> <span class='ocrx_word' id='word_1_205' title='bbox 1114 2348 1187 2384; x_wconf 81' lang='lat' dir='ltr'><strong>zu</strong></span> <span class='ocrx_word' id='word_1_206' title='bbox 1211 2345 1404 2386; x_wconf 78' lang='lat' dir='ltr'><strong>waren</strong></span> 
     </span>
     <span class='ocr_line' id='line_1_26' title="bbox 271 2400 1400 2457; baseline 0.002 -2"><span class='ocrx_word' id='word_1_207' title='bbox 271 2401 363 2456; x_wconf 88' lang='lat' dir='ltr'><strong>die</strong></span> <span class='ocrx_word' id='word_1_208' title='bbox 389 2400 880 2456; x_wconf 64' lang='lat' dir='ltr'><strong>Wanderstamme</strong></span> <span class='ocrx_word' id='word_1_209' title='bbox 917 2401 1018 2456; x_wconf 89' lang='lat' dir='ltr'><strong>der</strong></span> <span class='ocrx_word' id='word_1_210' title='bbox 1053 2401 1299 2457; x_wconf 85' lang='lat' dir='ltr'><strong>Dahae.</strong></span> <span class='ocrx_word' id='word_1_211' title='bbox 1330 2431 1400 2442; x_wconf 92' lang='lat'><strong>--</strong></span> 
     </span>
     <span class='ocr_line' id='line_1_27' title="bbox 272 2471 1403 2529; baseline 0.002 -3"><span class='ocrx_word' id='word_1_212' title='bbox 272 2471 377 2526; x_wconf 89' lang='lat' dir='ltr'><strong>Die</strong></span> <span class='ocrx_word' id='word_1_213' title='bbox 398 2471 609 2526; x_wconf 82' lang='lat' dir='ltr'><strong>Sacae</strong></span> <span class='ocrx_word' id='word_1_214' title='bbox 634 2471 900 2529; x_wconf 83' lang='lat' dir='ltr'><strong>wohnten</strong></span> <span class='ocrx_word' id='word_1_215' title='bbox 918 2472 1123 2528; x_wconf 72' lang='lat' dir='ltr'><strong>ostlich</strong></span> <span class='ocrx_word' id='word_1_216' title='bbox 1141 2489 1252 2528; x_wconf 84' lang='lat' dir='ltr'><strong>von</strong></span> <span class='ocrx_word' id='word_1_217' title='bbox 1263 2473 1403 2528; x_wconf 87' lang='lat' dir='ltr'><strong>Bac·</strong></span> 
     </span>
     <span class='ocr_line' id='line_1_28' title="bbox 270 2542 1401 2613; baseline 0.002 -17"><span class='ocrx_word' id='word_1_218' title='bbox 270 2542 459 2598; x_wconf 83' lang='lat' dir='ltr'><strong>triana</strong></span> <span class='ocrx_word' id='word_1_219' title='bbox 496 2559 589 2596; x_wconf 89' lang='lat' dir='ltr'><strong>am</strong></span> <span class='ocrx_word' id='word_1_220' title='bbox 623 2542 1017 2613; x_wconf 83' lang='lat' dir='ltr'><strong>Westabhang</strong></span> <span class='ocrx_word' id='word_1_221' title='bbox 1062 2544 1162 2598; x_wconf 86' lang='lat' dir='ltr'><strong>des</strong></span> <span class='ocrx_word' id='word_1_222' title='bbox 1197 2545 1401 2611; x_wconf 68' lang='lat' dir='ltr'><strong>haus,</strong></span> 
     </span>
     <span class='ocr_line' id='line_1_29' title="bbox 274 2613 1403 2670; baseline 0.003 -3"><span class='ocrx_word' id='word_1_223' title='bbox 274 2615 411 2668; x_wconf 88' lang='lat' dir='ltr'><strong>aber</strong></span> <span class='ocrx_word' id='word_1_224' title='bbox 432 2614 577 2668; x_wconf 85' lang='lat' dir='ltr'><strong>auch</strong></span> <span class='ocrx_word' id='word_1_225' title='bbox 592 2613 939 2668; x_wconf 63' lang='lat' dir='ltr'><strong>andei-warte</strong></span> <span class='ocrx_word' id='word_1_226' title='bbox 949 2630 1140 2669; x_wconf 79' lang='lat' dir='ltr'><strong>waren</strong></span> <span class='ocrx_word' id='word_1_227' title='bbox 1152 2613 1403 2670; x_wconf 70' lang='lat' dir='ltr'><strong>Stamme</strong></span> 
     </span>
     <span class='ocr_line' id='line_1_30' title="bbox 274 2684 1401 2753; baseline 0.004 -15"><span class='ocrx_word' id='word_1_228' title='bbox 274 2684 458 2739; x_wconf 87' lang='lat' dir='ltr'><strong>dieses</strong></span> <span class='ocrx_word' id='word_1_229' title='bbox 477 2685 724 2739; x_wconf 83' lang='lat' dir='ltr'><strong>Namens</strong></span> <span class='ocrx_word' id='word_1_230' title='bbox 744 2685 1003 2753; x_wconf 83' lang='lat' dir='ltr'><strong>sesshaft,</strong></span> <span class='ocrx_word' id='word_1_231' title='bbox 1028 2685 1178 2740; x_wconf 88' lang='lat' dir='ltr'><strong>nach</strong></span> <span class='ocrx_word' id='word_1_232' title='bbox 1194 2685 1401 2745; x_wconf 87' lang='lat' dir='ltr'><strong>Herod.</strong></span> 
     </span>
     <span class='ocr_line' id='line_1_31' title="bbox 272 2755 1403 2826; baseline 0 -16"><span class='ocrx_word' id='word_1_233' title='bbox 272 2761 325 2810; x_wconf 78' lang='lat'><strong>7.</strong></span> <span class='ocrx_word' id='word_1_234' title='bbox 357 2760 427 2809; x_wconf 84' lang='lat'><strong>64</strong></span> <span class='ocrx_word' id='word_1_235' title='bbox 463 2771 581 2809; x_wconf 81' lang='lat' dir='ltr'><strong>war</strong></span> <span class='ocrx_word' id='word_1_236' title='bbox 616 2755 737 2810; x_wconf 87' lang='lat' dir='ltr'><strong>dies</strong></span> <span class='ocrx_word' id='word_1_237' title='bbox 766 2772 933 2826; x_wconf 83' lang='lat' dir='ltr'><strong>sogar</strong></span> <span class='ocrx_word' id='word_1_238' title='bbox 960 2756 1063 2811; x_wconf 86' lang='lat' dir='ltr'><strong>der</strong></span> <span class='ocrx_word' id='word_1_239' title='bbox 1090 2757 1403 2811; x_wconf 84' lang='lat' dir='ltr'><strong>Gesammt-</strong></span> 
     </span>
     <span class='ocr_line' id='line_1_32' title="bbox 272 2825 1399 2894; baseline 0.003 -14"><span class='ocrx_word' id='word_1_240' title='bbox 272 2843 441 2881; x_wconf 88' lang='lat' dir='ltr'><strong>name</strong></span> <span class='ocrx_word' id='word_1_241' title='bbox 478 2825 571 2880; x_wconf 63' lang='lat' dir='ltr'><strong>fiir</strong></span> <span class='ocrx_word' id='word_1_242' title='bbox 606 2827 717 2881; x_wconf 83' lang='lat' dir='ltr'><strong>alle</strong></span> <span class='ocrx_word' id='word_1_243' title='bbox 753 2827 1095 2883; x_wconf 85' lang='lat' dir='ltr'><strong>asiatischen</strong></span> <span class='ocrx_word' id='word_1_244' title='bbox 1132 2827 1399 2894; x_wconf 74' lang='lat' dir='ltr'><strong>Scythen.</strong></span> 
     </span>
     <span class='ocr_line' id='line_1_33' title="bbox 273 2897 1403 3022; baseline 0.001 -71"><span class='ocrx_word' id='word_1_245' title='bbox 273 2927 343 3022; x_wconf 66' lang='grc' dir='ltr'><strong>ὖ-</strong></span> <span class='ocrx_word' id='word_1_246' title='bbox 376 2897 654 2978; x_wconf 63' lang='grc' dir='ltr'><strong>Ταπαὶη</strong></span> <span class='ocrx_word' id='word_1_247' title='bbox 682 2923 750 2944; x_wconf 85' lang='lat'><strong>==</strong></span> <span class='ocrx_word' id='word_1_248' title='bbox 776 2898 1047 2954; x_wconf 67' lang='lat' dir='ltr'><strong>,Iaxarten</strong></span> <span class='ocrx_word' id='word_1_249' title='bbox 1072 2898 1259 2968; x_wconf 82' lang='lat' dir='ltr'><strong>(jetzt=</strong></span> <span class='ocrx_word' id='word_1_250' title='bbox 1290 2897 1403 2952; x_wconf 80' lang='lat' dir='ltr'><strong>Sir-</strong></span> 
     </span>
    </p>

    <p class='ocr_par' dir='ltr' id='par_1_12' title="bbox 327 2971 483 3037">
     <span class='ocr_line' id='line_1_34' title="bbox 327 2971 483 3037; baseline -0.013 -14"><span class='ocrx_word' id='word_1_251' title='bbox 327 2971 483 3037; x_wconf 86' lang='lat' dir='ltr'><strong>ena).</strong></span> 
     </span>
    </p>

    <p class='ocr_par' dir='ltr' id='par_1_13' title="bbox 272 3039 1406 3393">
     <span class='ocr_line' id='line_1_35' title="bbox 350 3039 1401 3110; baseline 0 -16"><span class='ocrx_word' id='word_1_252' title='bbox 350 3045 399 3094; x_wconf 79' lang='lat'><strong>7.</strong></span> <span class='ocrx_word' id='word_1_253' title='bbox 437 3040 902 3096; x_wconf 73' lang='lat' dir='ltr'><strong>debellaturus</strong></span> <span class='ocrx_word' id='word_1_254' title='bbox 938 3040 991 3094; x_wconf 84' lang='lat' dir='ltr'><strong>d.</strong></span> <span class='ocrx_word' id='word_1_255' title='bbox 1020 3039 1057 3095; x_wconf 87' lang='lat' dir='ltr'><strong>i.</strong></span> <span class='ocrx_word' id='word_1_256' title='bbox 1096 3041 1258 3110; x_wconf 72' lang='lat' dir='ltr'><strong>quasi</strong></span> <span class='ocrx_word' id='word_1_257' title='bbox 1284 3041 1401 3096; x_wconf 89' lang='lat' dir='ltr'><strong>deb.</strong></span> 
     </span>
     <span class='ocr_line' id='line_1_36' title="bbox 272 3109 1406 3180; baseline 0.001 -15"><span class='ocrx_word' id='word_1_258' title='bbox 272 3111 424 3166; x_wconf 69' lang='lat' dir='ltr'><strong>esset.</strong></span> <span class='ocrx_word' id='word_1_259' title='bbox 483 3109 613 3180; x_wconf 82' lang='lat' dir='ltr'><strong>Vgl.</strong></span> <span class='ocrx_word' id='word_1_260' title='bbox 642 3112 871 3180; x_wconf 74' lang='lat' dir='ltr'><strong>cupiens</strong></span> <span class='ocrx_word' id='word_1_261' title='bbox 897 3116 947 3165; x_wconf 86' lang='lat'><strong>5.</strong></span> <span class='ocrx_word' id='word_1_262' title='bbox 976 3117 1074 3180; x_wconf 78' lang='lat'><strong>403</strong></span> <span class='ocrx_word' id='word_1_263' title='bbox 1112 3116 1406 3180; x_wconf 75' lang='lat' dir='ltr'><strong>operturus</strong></span> 
     </span>
     <span class='ocr_line' id='line_1_37' title="bbox 274 3183 1403 3251; baseline 0.001 -15"><span class='ocrx_word' id='word_1_264' title='bbox 274 3187 325 3236; x_wconf 95' lang='grc'><strong>6.</strong></span> <span class='ocrx_word' id='word_1_265' title='bbox 380 3186 463 3237; x_wconf 95' lang='grc'><strong>10.</strong></span> <span class='ocrx_word' id='word_1_266' title='bbox 512 3187 607 3248; x_wconf 79' lang='lat'><strong>213</strong></span> <span class='ocrx_word' id='word_1_267' title='bbox 661 3183 985 3251; x_wconf 73' lang='lat' dir='ltr'><strong>sequebatur</strong></span> <span class='ocrx_word' id='word_1_268' title='bbox 1030 3189 1080 3237; x_wconf 91' lang='grc'><strong>6.</strong></span> <span class='ocrx_word' id='word_1_269' title='bbox 1121 3187 1208 3237; x_wconf 91' lang='grc'><strong>10.</strong></span> <span class='ocrx_word' id='word_1_270' title='bbox 1245 3189 1293 3237; x_wconf 88' lang='grc'><strong>6.</strong></span> <span class='ocrx_word' id='word_1_271' title='bbox 1334 3212 1403 3222; x_wconf 94' lang='grc'><strong>-</strong></span> 
     </span>
     <span class='ocr_line' id='line_1_38' title="bbox 274 3251 1401 3322; baseline 0.002 -16"><span class='ocrx_word' id='word_1_272' title='bbox 274 3251 463 3307; x_wconf 85' lang='lat' dir='ltr'><strong>Ueber</strong></span> <span class='ocrx_word' id='word_1_273' title='bbox 505 3268 671 3322; x_wconf 75' lang='lat' dir='ltr'><strong>super</strong></span> <span class='ocrx_word' id='word_1_274' title='bbox 716 3269 956 3309; x_wconf 80' lang='lat' dir='ltr'><strong>mensam</strong></span> <span class='ocrx_word' id='word_1_275' title='bbox 1000 3271 1041 3309; x_wconf 78' lang='lat' dir='ltr'><strong>s,</strong></span> <span class='ocrx_word' id='word_1_276' title='bbox 1078 3253 1225 3308; x_wconf 87' lang='lat' dir='ltr'><strong>Einl.</strong></span> <span class='ocrx_word' id='word_1_277' title='bbox 1265 3259 1297 3320; x_wconf 62' lang='grc' dir='ltr'>ὅ</span> <span class='ocrx_word' id='word_1_278' title='bbox 1334 3259 1401 3308; x_wconf 77' lang='grc'><strong>20</strong></span> 
     </span>
     <span class='ocr_line' id='line_1_39' title="bbox 273 3325 691 3393; baseline 0.002 -15"><span class='ocrx_word' id='word_1_279' title='bbox 273 3325 441 3378; x_wconf 87' lang='lat' dir='ltr'><strong>unter</strong></span> <span class='ocrx_word' id='word_1_280' title='bbox 473 3339 551 3378; x_wconf 74' lang='lat' dir='ltr'><strong>sa</strong></span> <span class='ocrx_word' id='word_1_281' title='bbox 554 3341 597 3393; x_wconf 92' lang='lat' dir='ltr'><strong>p</strong></span> <span class='ocrx_word' id='word_1_282' title='bbox 608 3341 691 3380; x_wconf 88' lang='lat' dir='ltr'><strong>er.</strong></span> 
     </span>
    </p>

    <p class='ocr_par' dir='ltr' id='par_1_14' title="bbox 275 3391 1416 4385">
     <span class='ocr_line' id='line_1_40' title="bbox 348 3391 1407 3465; baseline 0.002 -17"><span class='ocrx_word' id='word_1_283' title='bbox 348 3399 397 3450; x_wconf 90' lang='lat'><strong>8.</strong></span> <span class='ocrx_word' id='word_1_284' title='bbox 458 3393 749 3450; x_wconf 79' lang='lat' dir='ltr'><strong>Gobares</strong></span> <span class='ocrx_word' id='word_1_285' title='bbox 796 3419 865 3442; x_wconf 65' lang='grc' dir='ltr'><strong>ε-</strong></span> <span class='ocrx_word' id='word_1_286' title='bbox 900 3391 1263 3465; x_wconf 75' lang='grc' dir='ltr'><strong><em>Βαγωὸοἱρας</em></strong></span> <span class='ocrx_word' id='word_1_287' title='bbox 1312 3395 1407 3451; x_wconf 85' lang='lat' dir='ltr'><strong>bei</strong></span> 
     </span>
     <span class='ocr_line' id='line_1_41' title="bbox 275 3464 1411 3522; baseline 0.001 -4"><span class='ocrx_word' id='word_1_288' title='bbox 275 3464 507 3518; x_wconf 85' lang='lat' dir='ltr'><strong>Diodor.</strong></span> <span class='ocrx_word' id='word_1_289' title='bbox 538 3495 603 3504; x_wconf 80' lang='lat'><strong>--</strong></span> <span class='ocrx_word' id='word_1_290' title='bbox 632 3466 747 3520; x_wconf 85' lang='lat' dir='ltr'><strong>sed</strong></span> <span class='ocrx_word' id='word_1_291' title='bbox 782 3507 794 3519; x_wconf 91' lang='lat'><strong>.</strong></span> <span class='ocrx_word' id='word_1_292' title='bbox 818 3505 832 3519; x_wconf 95' lang='lat'><strong>.</strong></span> <span class='ocrx_word' id='word_1_293' title='bbox 855 3508 868 3522; x_wconf 95' lang='lat'><strong>.</strong></span> <span class='ocrx_word' id='word_1_294' title='bbox 902 3467 1170 3522; x_wconf 71' lang='lat' dir='ltr'><strong>celeb-er.</strong></span> <span class='ocrx_word' id='word_1_295' title='bbox 1239 3466 1411 3522; x_wconf 85' lang='lat' dir='ltr'><strong>Sonst</strong></span> 
     </span>
     <span class='ocr_line' id='line_1_42' title="bbox 277 3534 1409 3593; baseline 0.004 -6"><span class='ocrx_word' id='word_1_296' title='bbox 277 3534 471 3588; x_wconf 76' lang='lat' dir='ltr'><strong>warde</strong></span> <span class='ocrx_word' id='word_1_297' title='bbox 525 3535 679 3590; x_wconf 85' lang='lat' dir='ltr'><strong>diese</strong></span> <span class='ocrx_word' id='word_1_298' title='bbox 734 3536 917 3591; x_wconf 83' lang='lat' dir='ltr'><strong>Kunst</strong></span> <span class='ocrx_word' id='word_1_299' title='bbox 969 3555 1075 3591; x_wconf 87' lang='lat' dir='ltr'><strong>nur</strong></span> <span class='ocrx_word' id='word_1_300' title='bbox 1131 3553 1243 3593; x_wconf 84' lang='lat' dir='ltr'><strong>von</strong></span> <span class='ocrx_word' id='word_1_301' title='bbox 1298 3537 1409 3592; x_wconf 88' lang='lat' dir='ltr'><strong>den</strong></span> 
     </span>
     <span class='ocr_line' id='line_1_43' title="bbox 277 3604 1407 3734; baseline 0.002 -4"><span class='ocrx_word' id='word_1_302' title='bbox 277 3604 604 3730; x_wconf 63' lang='grc' dir='ltr'><strong>ῗξέῗέἓὲξῗ</strong></span> <span class='ocrx_word' id='word_1_303' title='bbox 620 3605 1407 3734; x_wconf 34' lang='grc' dir='ltr'><strong>ἓξὲῗέῗωῑιῖἶιὲἰῗέώῗ</strong></span> 
     </span>
     <span class='ocr_line' id='line_1_44' title="bbox 279 3746 1409 3819; baseline 0.003 -19"><span class='ocrx_word' id='word_1_304' title='bbox 279 3746 687 3814; x_wconf 74' lang='lat' dir='ltr'><strong>ludibrium,</strong></span> <span class='ocrx_word' id='word_1_305' title='bbox 747 3748 874 3802; x_wconf 89' lang='lat' dir='ltr'><strong>hier</strong></span> <span class='ocrx_word' id='word_1_306' title='bbox 936 3751 1165 3805; x_wconf 71' lang='lat' dir='ltr'><strong>conci-et</strong></span> <span class='ocrx_word' id='word_1_307' title='bbox 1218 3749 1409 3819; x_wconf 81' lang='lat' dir='ltr'><strong>gleich</strong></span> 
     </span>
     <span class='ocr_line' id='line_1_45' title="bbox 277 3819 1409 3891; baseline 0.003 -19"><span class='ocrx_word' id='word_1_308' title='bbox 277 3821 656 3886; x_wconf 66' lang='lat' dir='ltr'><strong>commatum,</strong></span> <span class='ocrx_word' id='word_1_309' title='bbox 714 3819 1021 3888; x_wconf 77' lang='lat' dir='ltr'><strong>inventum,</strong></span> <span class='ocrx_word' id='word_1_310' title='bbox 1085 3820 1409 3891; x_wconf 68' lang='lat' dir='ltr'><strong>Hir-nge-</strong></span> 
     </span>
     <span class='ocr_line' id='line_1_46' title="bbox 279 3889 1412 3961; baseline 0.004 -19"><span class='ocrx_word' id='word_1_311' title='bbox 279 3889 546 3958; x_wconf 76' lang='lat' dir='ltr'><strong>spinst</strong></span> <span class='ocrx_word' id='word_1_312' title='bbox 612 3920 685 3930; x_wconf 91' lang='lat'><strong>—-</strong></span> <span class='ocrx_word' id='word_1_313' title='bbox 754 3891 985 3960; x_wconf 72' lang='lat' dir='ltr'><strong>maqis</strong></span> <span class='ocrx_word' id='word_1_314' title='bbox 1047 3908 1138 3960; x_wconf 89' lang='lat' dir='ltr'><strong>pr.</strong></span> <span class='ocrx_word' id='word_1_315' title='bbox 1204 3907 1412 3961; x_wconf 73' lang='lat' dir='ltr'><strong>quam.</strong></span> 
     </span>
     <span class='ocr_line' id='line_1_47' title="bbox 277 3958 1416 4017; baseline 0.003 -3"><span class='ocrx_word' id='word_1_316' title='bbox 277 3960 607 4014; x_wconf 78' lang='lat' dir='ltr'><strong>scientia</strong></span> <span class='ocrx_word' id='word_1_317' title='bbox 660 3958 739 4014; x_wconf 89' lang='lat' dir='ltr'><strong>ist</strong></span> <span class='ocrx_word' id='word_1_318' title='bbox 792 3963 939 4016; x_wconf 80' lang='lat' dir='ltr'><strong>etwa</strong></span> <span class='ocrx_word' id='word_1_319' title='bbox 988 3961 1165 4017; x_wconf 85' lang='lat' dir='ltr'><strong>soviel</strong></span> <span class='ocrx_word' id='word_1_320' title='bbox 1216 3963 1303 4017; x_wconf 84' lang='lat' dir='ltr'><strong>als</strong></span> <span class='ocrx_word' id='word_1_321' title='bbox 1360 3963 1416 4017; x_wconf 69' lang='lat' dir='ltr'><strong>si</strong></span> 
     </span>
     <span class='ocr_line' id='line_1_48' title="bbox 276 4032 1407 4102; baseline 0.004 -17"><span class='ocrx_word' id='word_1_322' title='bbox 276 4033 464 4086; x_wconf 67' lang='lat' dir='ltr'><strong>mimus</strong></span> <span class='ocrx_word' id='word_1_323' title='bbox 508 4032 743 4087; x_wconf 76' lang='lat' dir='ltr'><strong>seientia</strong></span> <span class='ocrx_word' id='word_1_324' title='bbox 780 4037 842 4087; x_wconf 78' lang='lat' dir='ltr'><strong>at</strong></span> <span class='ocrx_word' id='word_1_325' title='bbox 877 4038 1015 4088; x_wconf 84' lang='lat' dir='ltr'><strong>certe</strong></span> <span class='ocrx_word' id='word_1_326' title='bbox 1050 4034 1407 4102; x_wconf 73' lang='lat' dir='ltr'><strong>professione.</strong></span> 
     </span>
     <span class='ocr_line' id='line_1_49' title="bbox 278 4101 1410 4174; baseline 0.002 -17"><span class='ocrx_word' id='word_1_327' title='bbox 278 4101 412 4170; x_wconf 85' lang='lat' dir='ltr'><strong>Vgl.</strong></span> <span class='ocrx_word' id='word_1_328' title='bbox 432 4102 578 4157; x_wconf 89' lang='lat' dir='ltr'><strong>oben</strong></span> <span class='ocrx_word' id='word_1_329' title='bbox 597 4109 646 4156; x_wconf 87' lang='lat'><strong>3.</strong></span> <span class='ocrx_word' id='word_1_330' title='bbox 671 4108 736 4157; x_wconf 87' lang='lat'><strong>11</strong></span> <span class='ocrx_word' id='word_1_331' title='bbox 768 4105 949 4158; x_wconf 78' lang='lat' dir='ltr'><strong>verius</strong></span> <span class='ocrx_word' id='word_1_332' title='bbox 976 4121 1156 4174; x_wconf 76' lang='lat' dir='ltr'><strong>quam.</strong></span> <span class='ocrx_word' id='word_1_333' title='bbox 1201 4105 1410 4159; x_wconf 88' lang='lat' dir='ltr'><strong>Ueber-</strong></span> 
     </span>
     <span class='ocr_line' id='line_1_50' title="bbox 282 4173 1412 4230; baseline 0.004 -6"><span class='ocrx_word' id='word_1_334' title='bbox 282 4173 455 4228; x_wconf 84' lang='lat' dir='ltr'><strong>setze:</strong></span> <span class='ocrx_word' id='word_1_335' title='bbox 512 4173 714 4229; x_wconf 79' lang='lat' dir='ltr'><strong>‘durch</strong></span> <span class='ocrx_word' id='word_1_336' title='bbox 760 4173 883 4230; x_wconf 87' lang='lat' dir='ltr'><strong>eine</strong></span> <span class='ocrx_word' id='word_1_337' title='bbox 928 4174 1215 4230; x_wconf 83' lang='lat' dir='ltr'><strong>freilich</strong></span> <span class='ocrx_word' id='word_1_338' title='bbox 1251 4175 1412 4229; x_wconf 88' lang='lat' dir='ltr'><strong>mehr</strong></span> 
     </span>
     <span class='ocr_line' id='line_1_51' title="bbox 281 4242 1412 4315; baseline 0.004 -20"><span class='ocrx_word' id='word_1_339' title='bbox 281 4242 865 4315; x_wconf 68' lang='lat' dir='ltr'><strong>handwerksmassige</strong></span> <span class='ocrx_word' id='word_1_340' title='bbox 894 4246 978 4300; x_wconf 89' lang='lat' dir='ltr'><strong>als</strong></span> <span class='ocrx_word' id='word_1_341' title='bbox 998 4245 1412 4301; x_wconf 80' lang='lat' dir='ltr'><strong>wissenschaft-</strong></span> 
     </span>
     <span class='ocr_line' id='line_1_52' title="bbox 280 4311 1412 4385; baseline 0.006 -20"><span class='ocrx_word' id='word_1_342' title='bbox 280 4311 398 4367; x_wconf 87' lang='lat' dir='ltr'><strong>lich</strong></span> <span class='ocrx_word' id='word_1_343' title='bbox 416 4345 439 4354; x_wconf 85' lang='lat'><em>-</em></span> <span class='ocrx_word' id='word_1_344' title='bbox 458 4315 793 4384; x_wconf 70' lang='lat' dir='ltr'><strong>grundliche</strong></span> <span class='ocrx_word' id='word_1_345' title='bbox 842 4315 1147 4372; x_wconf 73' lang='lat' dir='ltr'><strong>Kenntnisn</strong></span> <span class='ocrx_word' id='word_1_346' title='bbox 1161 4317 1209 4385; x_wconf 83' lang='lat'><strong>&#39;3</strong></span> <span class='ocrx_word' id='word_1_347' title='bbox 1262 4316 1412 4372; x_wconf 79' lang='lat' dir='ltr'><strong>donn</strong></span> 
     </span>
    </p>
   </div>
   <div class='ocr_carea' id='block_1_12' title="bbox 2505 1994 2634 2059">
    <p class='ocr_par' dir='ltr' id='par_1_15' title="bbox 2505 1994 2634 2059">
     <span class='ocr_line' id='line_1_53' title="bbox 2505 1994 2634 2059; baseline -0.008 0"><span class='ocrx_word' id='word_1_348' title='bbox 2505 1994 2634 2059; x_wconf 85' lang='lat' dir='ltr'><strong>Ex·</strong></span> 
     </span>
    </p>
   </div>
   <div class='ocr_carea' id='block_1_13' title="bbox 1501 2187 2648 4386">
    <p class='ocr_par' dir='ltr' id='par_1_16' title="bbox 1501 2187 2643 2386">
     <span class='ocr_line' id='line_1_54' title="bbox 1501 2187 2640 2257; baseline -0.003 -14"><span class='ocrx_word' id='word_1_349' title='bbox 1501 2187 1776 2257; x_wconf 75' lang='lat' dir='ltr'><strong>professio</strong></span> <span class='ocrx_word' id='word_1_350' title='bbox 1829 2188 1972 2242; x_wconf 66' lang='lat' dir='ltr'><strong>artis</strong></span> <span class='ocrx_word' id='word_1_351' title='bbox 2022 2187 2322 2243; x_wconf 81' lang='lat' dir='ltr'><strong>bedentete</strong></span> <span class='ocrx_word' id='word_1_352' title='bbox 2384 2187 2486 2241; x_wconf 87' lang='lat' dir='ltr'><strong>das</strong></span> <span class='ocrx_word' id='word_1_353' title='bbox 2543 2202 2640 2257; x_wconf 83' lang='lat' dir='ltr'><strong>ge-</strong></span> 
     </span>
     <span class='ocr_line' id='line_1_55' title="bbox 1510 2257 2643 2386; baseline 0 -73"><span class='ocrx_word' id='word_1_354' title='bbox 1510 2259 1734 2386; x_wconf 47' lang='lat' dir='ltr'><strong>}erbzq</strong></span> <span class='ocrx_word' id='word_1_355' title='bbox 1754 2258 2194 2327; x_wconf 67' lang='lat' dir='ltr'><strong>berufsmassige</strong></span> <span class='ocrx_word' id='word_1_356' title='bbox 2203 2259 2470 2313; x_wconf 73' lang='lat' dir='ltr'><strong>Ausfiben</strong></span> <span class='ocrx_word' id='word_1_357' title='bbox 2487 2257 2643 2313; x_wconf 86' lang='lat' dir='ltr'><strong>einer</strong></span> 
     </span>
    </p>

    <p class='ocr_par' dir='ltr' id='par_1_17' title="bbox 1567 2346 1714 2387">
     <span class='ocr_line' id='line_1_56' title="bbox 1567 2346 1714 2387; baseline 0.007 -2"><span class='ocrx_word' id='word_1_358' title='bbox 1567 2346 1670 2386; x_wconf 82' lang='lat' dir='ltr'><strong>uns</strong></span> <span class='ocrx_word' id='word_1_359' title='bbox 1699 2370 1714 2387; x_wconf 95' lang='lat'><strong>.</strong></span> 
     </span>
    </p>

    <p class='ocr_par' dir='ltr' id='par_1_18' title="bbox 1502 2400 2648 3522">
     <span class='ocr_line' id='line_1_57' title="bbox 1583 2400 2644 2471; baseline 0 -15"><span class='ocrx_word' id='word_1_360' title='bbox 1583 2407 1634 2457; x_wconf 83' lang='lat'><strong>9.</strong></span> <span class='ocrx_word' id='word_1_361' title='bbox 1691 2417 1896 2456; x_wconf 82' lang='lat' dir='ltr'><strong>servo.</strong></span> <span class='ocrx_word' id='word_1_362' title='bbox 1972 2400 2174 2456; x_wconf 83' lang='lat' dir='ltr'><strong>Bessus</strong></span> <span class='ocrx_word' id='word_1_363' title='bbox 2220 2402 2380 2456; x_wconf 85' lang='lat' dir='ltr'><strong>hatte</strong></span> <span class='ocrx_word' id='word_1_364' title='bbox 2425 2401 2546 2457; x_wconf 85' lang='lat' dir='ltr'><strong>sich</strong></span> <span class='ocrx_word' id='word_1_365' title='bbox 2578 2401 2644 2471; x_wconf 79' lang='lat' dir='ltr'><strong>ja</strong></span> 
     </span>
     <span class='ocr_line' id='line_1_58' title="bbox 1510 2471 2642 2542; baseline -0.001 -15"><span class='ocrx_word' id='word_1_366' title='bbox 1510 2491 1638 2527; x_wconf 82' lang='lat' dir='ltr'><strong>zum</strong></span> <span class='ocrx_word' id='word_1_367' title='bbox 1697 2473 1918 2542; x_wconf 73' lang='lat' dir='ltr'><strong>Konige</strong></span> <span class='ocrx_word' id='word_1_368' title='bbox 1972 2472 2237 2527; x_wconf 85' lang='lat' dir='ltr'><strong>ausrufen</strong></span> <span class='ocrx_word' id='word_1_369' title='bbox 2289 2472 2507 2540; x_wconf 75' lang='lat' dir='ltr'><strong>lassen3</strong></span> <span class='ocrx_word' id='word_1_370' title='bbox 2560 2471 2642 2526; x_wconf 89' lang='lat' dir='ltr'><strong>im</strong></span> 
     </span>
     <span class='ocr_line' id='line_1_59' title="bbox 1509 2543 2642 2600; baseline -0.004 0"><span class='ocrx_word' id='word_1_371' title='bbox 1509 2543 1902 2600; x_wconf 85' lang='lat' dir='ltr'><strong>Perserreiche</strong></span> <span class='ocrx_word' id='word_1_372' title='bbox 1929 2543 2067 2598; x_wconf 82' lang='lat' dir='ltr'><strong>aber</strong></span> <span class='ocrx_word' id='word_1_373' title='bbox 2093 2561 2284 2599; x_wconf 85' lang='lat' dir='ltr'><strong>waren</strong></span> <span class='ocrx_word' id='word_1_374' title='bbox 2309 2543 2421 2599; x_wconf 88' lang='lat' dir='ltr'><strong>alle</strong></span> <span class='ocrx_word' id='word_1_375' title='bbox 2439 2543 2642 2598; x_wconf 84' lang='lat' dir='ltr'><strong>Unter-</strong></span> 
     </span>
     <span class='ocr_line' id='line_1_60' title="bbox 1509 2613 2642 2687; baseline -0.002 -17"><span class='ocrx_word' id='word_1_376' title='bbox 1509 2616 1725 2670; x_wconf 84' lang='lat' dir='ltr'><strong>thanen</strong></span> <span class='ocrx_word' id='word_1_377' title='bbox 1773 2615 1969 2669; x_wconf 78' lang='grc' dir='ltr'><strong><em>δυῦλοι</em></strong></span> <span class='ocrx_word' id='word_1_378' title='bbox 2019 2613 2316 2687; x_wconf 74' lang='grc' dir='ltr'><strong><em>βασιλέως,</em></strong></span> <span class='ocrx_word' id='word_1_379' title='bbox 2365 2615 2514 2670; x_wconf 86' lang='lat' dir='ltr'><strong>auch</strong></span> <span class='ocrx_word' id='word_1_380' title='bbox 2550 2614 2642 2668; x_wconf 83' lang='lat' dir='ltr'><strong>die</strong></span> 
     </span>
     <span class='ocr_line' id='line_1_61' title="bbox 1510 2685 2641 2755; baseline -0.002 -15"><span class='ocrx_word' id='word_1_381' title='bbox 1510 2685 1726 2755; x_wconf 69' lang='lat' dir='ltr'><strong>konigl.</strong></span> <span class='ocrx_word' id='word_1_382' title='bbox 1780 2685 2016 2739; x_wconf 75' lang='lat' dir='ltr'><strong>Prinzen</strong></span> <span class='ocrx_word' id='word_1_383' title='bbox 2071 2685 2185 2740; x_wconf 88' lang='lat' dir='ltr'><strong>und</strong></span> <span class='ocrx_word' id='word_1_384' title='bbox 2241 2686 2432 2742; x_wconf 87' lang='lat' dir='ltr'><strong>hohen</strong></span> <span class='ocrx_word' id='word_1_385' title='bbox 2473 2685 2641 2740; x_wconf 68' lang='lat' dir='ltr'><strong>Wiir-</strong></span> 
     </span>
     <span class='ocr_line' id='line_1_62' title="bbox 1511 2757 2644 2826; baseline -0.001 -15"><span class='ocrx_word' id='word_1_386' title='bbox 1511 2757 1813 2826; x_wconf 72' lang='lat' dir='ltr'><strong>dentrager</strong></span> <span class='ocrx_word' id='word_1_387' title='bbox 1860 2757 1933 2823; x_wconf 82' lang='lat'><strong>(4.</strong></span> <span class='ocrx_word' id='word_1_388' title='bbox 1986 2761 2068 2810; x_wconf 92' lang='lat'><strong>11.</strong></span> <span class='ocrx_word' id='word_1_389' title='bbox 2120 2757 2227 2824; x_wconf 79' lang='lat'><strong>20).</strong></span> <span class='ocrx_word' id='word_1_390' title='bbox 2278 2786 2347 2796; x_wconf 97' lang='lat'><strong>—</strong></span> <span class='ocrx_word' id='word_1_391' title='bbox 2393 2773 2644 2826; x_wconf 85' lang='lat' dir='ltr'><strong>parere</strong></span> 
     </span>
     <span class='ocr_line' id='line_1_63' title="bbox 1511 2824 2644 2883; baseline -0.001 0"><span class='ocrx_word' id='word_1_392' title='bbox 1511 2829 1714 2883; x_wconf 79' lang='lat' dir='ltr'><strong>dicto,</strong></span> <span class='ocrx_word' id='word_1_393' title='bbox 1791 2824 2098 2880; x_wconf 74' lang='lat' dir='ltr'><strong>Classischz</strong></span> <span class='ocrx_word' id='word_1_394' title='bbox 2147 2827 2294 2882; x_wconf 78' lang='lat' dir='ltr'><strong>dicto</strong></span> <span class='ocrx_word' id='word_1_395' title='bbox 2333 2827 2644 2882; x_wconf 74' lang='lat' dir='ltr'><strong>audientem</strong></span> 
     </span>
     <span class='ocr_line' id='line_1_64' title="bbox 1512 2897 2644 2965; baseline -0.002 -11"><span class='ocrx_word' id='word_1_396' title='bbox 1512 2915 1636 2954; x_wconf 78' lang='lat' dir='ltr'><strong>esse.</strong></span> <span class='ocrx_word' id='word_1_397' title='bbox 1685 2927 1752 2937; x_wconf 92' lang='lat'><strong>--</strong></span> <span class='ocrx_word' id='word_1_398' title='bbox 1798 2897 1992 2964; x_wconf 79' lang='lat' dir='ltr'><strong>idem,</strong></span> <span class='ocrx_word' id='word_1_399' title='bbox 2039 2897 2214 2965; x_wconf 71' lang='lat' dir='ltr'><strong>qaod</strong></span> <span class='ocrx_word' id='word_1_400' title='bbox 2249 2921 2318 2942; x_wconf 89' lang='lat'>=</span> <span class='ocrx_word' id='word_1_401' title='bbox 2360 2897 2644 2952; x_wconf 77' lang='lat' dir='ltr'><strong>‘dasselbe</strong></span> 
     </span>
     <span class='ocr_line' id='line_1_65' title="bbox 1512 2967 2643 3034; baseline -0.001 -11"><span class='ocrx_word' id='word_1_402' title='bbox 1512 2969 1715 3034; x_wconf 76' lang='lat' dir='ltr'><strong>Loos&#39;3</strong></span> <span class='ocrx_word' id='word_1_403' title='bbox 1770 2968 1918 3023; x_wconf 87' lang='lat' dir='ltr'><strong>doch</strong></span> <span class='ocrx_word' id='word_1_404' title='bbox 1972 2967 2127 3022; x_wconf 85' lang='lat' dir='ltr'><strong>kann</strong></span> <span class='ocrx_word' id='word_1_405' title='bbox 2171 2983 2306 3021; x_wconf 81' lang='lat' dir='ltr'><strong>man</strong></span> <span class='ocrx_word' id='word_1_406' title='bbox 2351 2969 2497 3022; x_wconf 79' lang='lat' dir='ltr'><strong>auch</strong></span> <span class='ocrx_word' id='word_1_407' title='bbox 2542 2985 2643 3022; x_wconf 84' lang='lat' dir='ltr'><strong>aus</strong></span> 
     </span>
     <span class='ocr_line' id='line_1_66' title="bbox 1512 3038 2643 3109; baseline -0.002 -15"><span class='ocrx_word' id='word_1_408' title='bbox 1512 3040 1643 3094; x_wconf 83' lang='lat' dir='ltr'><strong>dem</strong></span> <span class='ocrx_word' id='word_1_409' title='bbox 1685 3039 2013 3109; x_wconf 78' lang='lat' dir='ltr'><strong>Folgenden</strong></span> <span class='ocrx_word' id='word_1_410' title='bbox 2068 3039 2378 3107; x_wconf 77' lang='lat' dir='ltr'><strong>periculam</strong></span> <span class='ocrx_word' id='word_1_411' title='bbox 2431 3038 2643 3108; x_wconf 86' lang='lat' dir='ltr'><strong>suppli-</strong></span> 
     </span>
     <span class='ocr_line' id='line_1_67' title="bbox 1512 3109 2644 3179; baseline -0.002 -13"><span class='ocrx_word' id='word_1_412' title='bbox 1512 3127 1629 3166; x_wconf 84' lang='lat' dir='ltr'><strong>ren.</strong></span> <span class='ocrx_word' id='word_1_413' title='bbox 1686 3141 1754 3150; x_wconf 93' lang='lat'><strong>——-</strong></span> <span class='ocrx_word' id='word_1_414' title='bbox 1808 3110 2162 3179; x_wconf 72' lang='lat' dir='ltr'><strong>proprium</strong></span> <span class='ocrx_word' id='word_1_415' title='bbox 2207 3133 2274 3154; x_wconf 76' lang='lat'><strong>==</strong></span> <span class='ocrx_word' id='word_1_416' title='bbox 2327 3109 2644 3179; x_wconf 70' lang='lat' dir='ltr'><strong>‘person-</strong></span> 
     </span>
     <span class='ocr_line' id='line_1_68' title="bbox 1513 3179 2646 3250; baseline -0.003 -13"><span class='ocrx_word' id='word_1_417' title='bbox 1513 3181 1686 3250; x_wconf 86' lang='lat' dir='ltr'><strong>lich,</strong></span> <span class='ocrx_word' id='word_1_418' title='bbox 1731 3180 1842 3235; x_wconf 68' lang='lat' dir='ltr'><strong>fiir</strong></span> <span class='ocrx_word' id='word_1_419' title='bbox 1885 3179 2039 3234; x_wconf 85' lang='lat' dir='ltr'><strong>ihre</strong></span> <span class='ocrx_word' id='word_1_420' title='bbox 2075 3181 2383 3236; x_wconf 86' lang='lat' dir='ltr'><strong>Person&#39;.</strong></span> <span class='ocrx_word' id='word_1_421' title='bbox 2457 3179 2534 3236; x_wconf 85' lang='lat' dir='ltr'><strong>So</strong></span> <span class='ocrx_word' id='word_1_422' title='bbox 2569 3179 2646 3235; x_wconf 87' lang='lat' dir='ltr'><strong>ist</strong></span> 
     </span>
     <span class='ocr_line' id='line_1_69' title="bbox 1514 3250 2646 3322; baseline -0.004 -13"><span class='ocrx_word' id='word_1_423' title='bbox 1514 3253 1663 3309; x_wconf 86' lang='lat' dir='ltr'><strong>auch</strong></span> <span class='ocrx_word' id='word_1_424' title='bbox 1733 3252 1830 3307; x_wconf 89' lang='lat' dir='ltr'><strong>bei</strong></span> <span class='ocrx_word' id='word_1_425' title='bbox 1904 3250 2096 3306; x_wconf 84' lang='lat' dir='ltr'><strong>Cicero</strong></span> <span class='ocrx_word' id='word_1_426' title='bbox 2164 3251 2224 3322; x_wconf 86' lang='lat' dir='ltr'><strong>je</strong></span> <span class='ocrx_word' id='word_1_427' title='bbox 2296 3253 2444 3308; x_wconf 85' lang='lat' dir='ltr'><strong>nach</strong></span> <span class='ocrx_word' id='word_1_428' title='bbox 2515 3250 2646 3306; x_wconf 88' lang='lat' dir='ltr'><strong>dem</strong></span> 
     </span>
     <span class='ocr_line' id='line_1_70' title="bbox 1516 3322 2646 3392; baseline -0.003 -13"><span class='ocrx_word' id='word_1_429' title='bbox 1516 3323 1745 3379; x_wconf 83' lang='lat' dir='ltr'><strong>Connex</strong></span> <span class='ocrx_word' id='word_1_430' title='bbox 1798 3323 2070 3392; x_wconf 77' lang='lat' dir='ltr'><strong>proprius</strong></span> <span class='ocrx_word' id='word_1_431' title='bbox 2125 3323 2281 3378; x_wconf 82' lang='lat' dir='ltr'><strong>dolor</strong></span> <span class='ocrx_word' id='word_1_432' title='bbox 2335 3322 2428 3378; x_wconf 87' lang='lat' dir='ltr'><strong>ein</strong></span> <span class='ocrx_word' id='word_1_433' title='bbox 2488 3339 2646 3392; x_wconf 88' lang='lat' dir='ltr'><strong>per-</strong></span> 
     </span>
     <span class='ocr_line' id='line_1_71' title="bbox 1502 3392 2648 3464; baseline -0.003 -12"><span class='ocrx_word' id='word_1_434' title='bbox 1502 3393 1870 3456; x_wconf 67' lang='lat' dir='ltr'><strong>sonlicher</strong></span> <span class='ocrx_word' id='word_1_435' title='bbox 1933 3394 2069 3449; x_wconf 86' lang='lat' dir='ltr'><strong>oder</strong></span> <span class='ocrx_word' id='word_1_436' title='bbox 2125 3392 2218 3448; x_wconf 89' lang='lat' dir='ltr'><strong>ein</strong></span> <span class='ocrx_word' id='word_1_437' title='bbox 2273 3393 2648 3464; x_wconf 84' lang='lat' dir='ltr'><strong>speeieller</strong></span> 
     </span>
     <span class='ocr_line' id='line_1_72' title="bbox 1518 3466 1820 3522; baseline -0.01 0"><span class='ocrx_word' id='word_1_438' title='bbox 1518 3466 1820 3522; x_wconf 62' lang='lat' dir='ltr'><strong>Schmerz:</strong></span> 
     </span>
    </p>

    <p class='ocr_par' dir='ltr' id='par_1_19' title="bbox 1514 3535 2648 3819">
     <span class='ocr_line' id='line_1_73' title="bbox 1592 3535 2648 3604; baseline -0.001 -13"><span class='ocrx_word' id='word_1_439' title='bbox 1592 3542 1673 3591; x_wconf 90' lang='grc'><strong>10.</strong></span> <span class='ocrx_word' id='word_1_440' title='bbox 1728 3537 2060 3604; x_wconf 75' lang='lat' dir='ltr'><strong>poculum.</strong></span> <span class='ocrx_word' id='word_1_441' title='bbox 2141 3535 2256 3590; x_wconf 88' lang='lat' dir='ltr'><strong>Das</strong></span> <span class='ocrx_word' id='word_1_442' title='bbox 2307 3535 2648 3591; x_wconf 86' lang='lat' dir='ltr'><strong>Hinreichen</strong></span> 
     </span>
     <span class='ocr_line' id='line_1_74' title="bbox 1518 3605 2647 3676; baseline -0.001 -14"><span class='ocrx_word' id='word_1_443' title='bbox 1518 3607 1616 3662; x_wconf 86' lang='lat' dir='ltr'><strong>des</strong></span> <span class='ocrx_word' id='word_1_444' title='bbox 1664 3605 1867 3676; x_wconf 83' lang='lat' dir='ltr'><strong>eignen</strong></span> <span class='ocrx_word' id='word_1_445' title='bbox 1913 3606 2325 3662; x_wconf 82' lang='lat' dir='ltr'><strong>Trinkbechers</strong></span> <span class='ocrx_word' id='word_1_446' title='bbox 2371 3623 2490 3661; x_wconf 80' lang='lat' dir='ltr'><strong>war</strong></span> <span class='ocrx_word' id='word_1_447' title='bbox 2525 3605 2647 3661; x_wconf 88' lang='lat' dir='ltr'><strong>Zei-</strong></span> 
     </span>
     <span class='ocr_line' id='line_1_75' title="bbox 1518 3677 2645 3748; baseline -0.003 -14"><span class='ocrx_word' id='word_1_448' title='bbox 1518 3679 1663 3734; x_wconf 86' lang='lat' dir='ltr'><strong>chen</strong></span> <span class='ocrx_word' id='word_1_449' title='bbox 1711 3677 1810 3732; x_wconf 87' lang='lat' dir='ltr'><strong>der</strong></span> <span class='ocrx_word' id='word_1_450' title='bbox 1847 3677 2255 3748; x_wconf 80' lang='lat' dir='ltr'><strong>Gewogenheit</strong></span> <span class='ocrx_word' id='word_1_451' title='bbox 2293 3677 2410 3732; x_wconf 86' lang='lat' dir='ltr'><strong>und</strong></span> <span class='ocrx_word' id='word_1_452' title='bbox 2444 3677 2645 3732; x_wconf 87' lang='lat' dir='ltr'><strong>Unter-</strong></span> 
     </span>
     <span class='ocr_line' id='line_1_76' title="bbox 1514 3747 2152 3819; baseline 0.003 -16"><span class='ocrx_word' id='word_1_453' title='bbox 1514 3748 1692 3819; x_wconf 84' lang='lat' dir='ltr'><strong>pfand</strong></span> <span class='ocrx_word' id='word_1_454' title='bbox 1729 3749 1828 3803; x_wconf 87' lang='lat' dir='ltr'><strong>des</strong></span> <span class='ocrx_word' id='word_1_455' title='bbox 1867 3747 2152 3805; x_wconf 84' lang='lat' dir='ltr'><strong>Schutzes.</strong></span> 
     </span>
    </p>

    <p class='ocr_par' dir='ltr' id='par_1_20' title="bbox 1515 3819 2648 4386">
     <span class='ocr_line' id='line_1_77' title="bbox 1594 3819 2646 3889; baseline 0 -15"><span class='ocrx_word' id='word_1_456' title='bbox 1594 3826 1677 3876; x_wconf 90' lang='lat'><strong>11.</strong></span> <span class='ocrx_word' id='word_1_457' title='bbox 1733 3819 1918 3874; x_wconf 79' lang='lat' dir='ltr'><strong>alias</strong></span> <span class='ocrx_word' id='word_1_458' title='bbox 1971 3821 2338 3889; x_wconf 73' lang='lat' dir='ltr'><strong>cupiditas.</strong></span> <span class='ocrx_word' id='word_1_459' title='bbox 2423 3819 2646 3874; x_wconf 84' lang='lat' dir='ltr'><strong>Ebenso</strong></span> 
     </span>
     <span class='ocr_line' id='line_1_78' title="bbox 1515 3889 2646 3946; baseline -0.001 0"><span class='ocrx_word' id='word_1_460' title='bbox 1515 3891 1662 3946; x_wconf 63' lang='lat' dir='ltr'><strong>lasst</strong></span> <span class='ocrx_word' id='word_1_461' title='bbox 1695 3890 1965 3945; x_wconf 75' lang='lat' dir='ltr'><strong>mitunter</strong></span> <span class='ocrx_word' id='word_1_462' title='bbox 2001 3891 2148 3946; x_wconf 83' lang='lat' dir='ltr'><strong>auch</strong></span> <span class='ocrx_word' id='word_1_463' title='bbox 2178 3889 2372 3944; x_wconf 83' lang='lat' dir='ltr'><strong>Livius</strong></span> <span class='ocrx_word' id='word_1_464' title='bbox 2409 3909 2454 3946; x_wconf 78' lang='lat' dir='ltr'><strong>z.</strong></span> <span class='ocrx_word' id='word_1_465' title='bbox 2482 3889 2544 3942; x_wconf 91' lang='lat' dir='ltr'><strong>B.</strong></span> <span class='ocrx_word' id='word_1_466' title='bbox 2583 3907 2646 3945; x_wconf 89' lang='lat' dir='ltr'><strong>so</strong></span> 
     </span>
     <span class='ocr_line' id='line_1_79' title="bbox 1518 3959 2648 4029; baseline 0 -13"><span class='ocrx_word' id='word_1_467' title='bbox 1518 3967 1570 4016; x_wconf 83' lang='lat'><strong>3.</strong></span> <span class='ocrx_word' id='word_1_468' title='bbox 1609 3967 1695 4018; x_wconf 81' lang='grc'><strong>37.</strong></span> <span class='ocrx_word' id='word_1_469' title='bbox 1734 3967 1794 4029; x_wconf 79' lang='lat'><strong>83</strong></span> <span class='ocrx_word' id='word_1_470' title='bbox 1832 3967 1884 4016; x_wconf 79' lang='lat'><strong>4.</strong></span> <span class='ocrx_word' id='word_1_471' title='bbox 1924 3967 2008 4019; x_wconf 80' lang='lat'><strong>33.</strong></span> <span class='ocrx_word' id='word_1_472' title='bbox 2051 3966 2138 4027; x_wconf 87' lang='lat'><strong>11,</strong></span> <span class='ocrx_word' id='word_1_473' title='bbox 2175 3959 2275 4014; x_wconf 79' lang='lat' dir='ltr'><strong>das</strong></span> <span class='ocrx_word' id='word_1_474' title='bbox 2315 3963 2464 4016; x_wconf 87' lang='lat' dir='ltr'><strong>erste</strong></span> <span class='ocrx_word' id='word_1_475' title='bbox 2499 3961 2648 4016; x_wconf 73' lang='lat' dir='ltr'><strong>alius</strong></span> 
     </span>
     <span class='ocr_line' id='line_1_80' title="bbox 1517 4031 2646 4103; baseline 0 -17"><span class='ocrx_word' id='word_1_476' title='bbox 1517 4049 1660 4103; x_wconf 81' lang='lat' dir='ltr'><strong>weg.</strong></span> <span class='ocrx_word' id='word_1_477' title='bbox 1710 4031 1893 4088; x_wconf 84' lang='lat' dir='ltr'><strong>Somit</strong></span> <span class='ocrx_word' id='word_1_478' title='bbox 1920 4032 1998 4086; x_wconf 86' lang='lat' dir='ltr'><strong>ist</strong></span> <span class='ocrx_word' id='word_1_479' title='bbox 2017 4031 2108 4086; x_wconf 89' lang='lat' dir='ltr'><strong>die</strong></span> <span class='ocrx_word' id='word_1_480' title='bbox 2125 4031 2464 4102; x_wconf 83' lang='lat' dir='ltr'><strong>Aenderung</strong></span> <span class='ocrx_word' id='word_1_481' title='bbox 2483 4032 2646 4098; x_wconf 79' lang='lat' dir='ltr'><strong>alias,</strong></span> 
     </span>
     <span class='ocr_line' id='line_1_81' title="bbox 1519 4102 2646 4172; baseline 0.002 -13"><span class='ocrx_word' id='word_1_482' title='bbox 1519 4105 1666 4159; x_wconf 78' lang='lat' dir='ltr'><strong>alias</strong></span> <span class='ocrx_word' id='word_1_483' title='bbox 1719 4104 1904 4172; x_wconf 76' lang='lat' dir='ltr'><strong>cupid.</strong></span> <span class='ocrx_word' id='word_1_484' title='bbox 1960 4103 2122 4158; x_wconf 88' lang='lat' dir='ltr'><strong>nicht</strong></span> <span class='ocrx_word' id='word_1_485' title='bbox 2175 4102 2392 4172; x_wconf 69' lang='lat' dir='ltr'><strong>nothig.</strong></span> <span class='ocrx_word' id='word_1_486' title='bbox 2429 4133 2498 4142; x_wconf 94' lang='lat'><strong>—-</strong></span> <span class='ocrx_word' id='word_1_487' title='bbox 2535 4119 2646 4161; x_wconf 69' lang='grc' dir='ltr'><strong>εω-</strong></span> 
     </span>
     <span class='ocr_line' id='line_1_82' title="bbox 1518 4172 2647 4314; baseline 0.013 -15"><span class='ocrx_word' id='word_1_488' title='bbox 1518 4176 1973 4300; x_wconf 52' lang='lat' dir='ltr'><strong>{sarrs}</strong></span> <span class='ocrx_word' id='word_1_489' title='bbox 1991 4172 2647 4314; x_wconf 53' lang='lat' dir='ltr'><strong>fxfgffissffiffiif</strong></span> 
     </span>
     <span class='ocr_line' id='line_1_83' title="bbox 1520 4315 2645 4386; baseline -0.002 -14"><span class='ocrx_word' id='word_1_490' title='bbox 1520 4317 1640 4372; x_wconf 81' lang='lat' dir='ltr'><strong>satz</strong></span> <span class='ocrx_word' id='word_1_491' title='bbox 1658 4316 1766 4372; x_wconf 84' lang='lat' dir='ltr'><strong>soll</strong></span> <span class='ocrx_word' id='word_1_492' title='bbox 1784 4316 2111 4386; x_wconf 77' lang='lat' dir='ltr'><strong>begfitigen.</strong></span> <span class='ocrx_word' id='word_1_493' title='bbox 2156 4315 2272 4370; x_wconf 87' lang='lat' dir='ltr'><strong>Das</strong></span> <span class='ocrx_word' id='word_1_494' title='bbox 2291 4333 2436 4386; x_wconf 80' lang='lat' dir='ltr'><strong>ganz</strong></span> <span class='ocrx_word' id='word_1_495' title='bbox 2452 4317 2645 4372; x_wconf 81' lang='lat' dir='ltr'><strong>natur-</strong></span> 
     </span>
    </p>
   </div>
  </div>
 </body>
</html>
