3069 4749
794 149 1305 207 HISTORIARUM
1340 149 1774 205 ALEXANDRI
1809 149 1958 220 VIII,
1999 157 2082 206 13.

2477 149 2604 225 157

255 317 553 404 tegendis
619 315 875 381 insidiis
940 317 1111 398 apta.
1207 311 1415 378 Fossa
1478 334 1734 398 quoque
1797 314 2088 397 praealta
2151 313 2326 379 haud
2379 315 2606 397 procul

254 409 428 510 ripa,
484 428 679 492 quam
732 405 1002 469 tenebat
1054 404 1223 487 ipse,
1276 423 1409 467 non
1462 402 1716 486 pedites
1773 403 1992 487 modo,
2048 403 2157 467 sed
2205 403 2403 467 etiam
2460 425 2606 467 cum

259 517 439 580 equis
503 497 679 561 viros
741 496 1001 577 poterat
1064 490 1471 557 abscondere.
1571 491 1783 579 Igitur
1833 495 1909 556 ut
1963 514 2003 556 a
2057 491 2354 557 custodia
2413 489 2604 556 huius
2646 509 2712 559 18

260 584 772 669 opportunitatis
816 582 1039 647 oculos
1083 579 1373 646 hostium
1421 583 1769 663 averteret,
1814 580 2257 645 Ptolemaeum
2305 581 2605 646 omnibus

258 674 493 739 turmis
532 673 909 756 obequitare
945 670 1136 734 iussit
1172 669 1399 753 procul
1434 669 1652 734 insula
1690 673 1758 733 et
1795 668 2066 734 subinde
2093 668 2291 734 Indos
2325 671 2606 734 clamore

258 766 529 846 terrere,
584 761 769 846 quasi
824 761 1064 824 flumen
1108 761 1562 822 transnaturus
1617 757 1804 822 foret.

260 851 673 916 Ptolemaeus
708 849 775 914 id
812 849 971 913 fecit
1008 868 1210 931 eoque
1246 846 1519 911 consilio
1557 845 1797 911 Porum
1846 867 2098 931 quoque
2148 867 2383 932 agmen
2419 869 2606 914 suum

263 941 323 1005 ei
384 939 586 1024 parti,
653 959 845 1022 quam
902 958 970 1001 se
1032 939 1249 1020 petere
1308 936 1684 1019 simulabat,
1751 936 1967 1019 coegit
2021 936 2366 1000 advertere.
2464 934 2607 1000 Iam
2644 953 2713 1002 2ο

262 1031 444 1092 extra
508 1029 924 1110 conspectum
989 1025 1199 1089 hostis
1263 1024 1479 1088 insula
1543 1028 1736 1088 erat.'
1801 1023 2170 1088 Alexander
2221 1025 2292 1088 in
2356 1024 2610 1089 diversa

260 1119 445 1200 parte
483 1117 665 1198 ripae
702 1115 902 1180 statui
940 1136 1127 1178 suum
1163 1113 1658 1178 tabernaculum
1694 1113 1888 1178 iussit
1917 1113 2377 1197 adsuetamque
2415 1113 2609 1178 comi·

260 1205 389 1270 tari
453 1205 670 1288 ipsum
733 1202 1066 1288 cohortem
1124 1205 1273 1266 ante
1329 1201 1396 1266 id
1450 1203 1941 1268 tabernaculum
2003 1205 2175 1268 stare
2233 1206 2298 1266 et
2354 1223 2610 1266 omnem

263 1297 649 1378 apparatum
704 1292 923 1378 regiae
978 1291 1499 1377 magnificentiae
1553 1289 1842 1356 hostium
1901 1289 2100 1356 oculis
2157 1291 2234 1354 de
2290 1287 2612 1356 industria

262 1381 535 1448 ostendi.

642 1381 941 1446 Attalum
1006 1382 1231 1464 etiam,
1301 1380 1636 1463 aequalem
1709 1380 1835 1444 sibi
1901 1384 1968 1445 et
2037 1379 2209 1444 haud
2285 1379 2610 1463 disparem
2645 1397 2711 1446 21

259 1471 493 1537 habitu
558 1471 689 1537 oris
747 1474 813 1535 et
866 1469 1179 1552 corporis,
1246 1469 1465 1553 utique
1526 1491 1670 1534 cum
1730 1469 1955 1552 procul
2019 1468 2363 1551 viseretur,
2427 1470 2606 1532 veste

258 1560 443 1644 regia
498 1563 769 1624 exornat
822 1559 1269 1643 praebiturum
1331 1558 1641 1642 speciem,
1701 1557 1916 1641 ipsum
1980 1577 2199 1642 regem
2263 1556 2364 1621 illi
2427 1555 2610 1640 ripae

258 1647 631 1731 praesidere
684 1669 805 1712 nec
861 1647 1148 1732 cogitare
1202 1647 1279 1710 de
1339 1646 1640 1712 transitu.

258 1737 478 1819 primo
514 1739 767 1803 morata
812 1740 1167 1819 tempestas
1215 1740 1340 1819 est,
1386 1756 1539 1800 mox
1585 1734 1858 1818 adiuvit,
1902 1734 2310 1798 incommoda
2353 1755 2608 1818 quoque

260 1824 349 1889 ad
411 1825 617 1891 bonos
682 1829 947 1926 eventus
1020 1827 1313 1890 vertente
1376 1823 1658 1890 fortuna.

261 1914 497 1978 ceteris
553 1914 755 1998 copiis
820 1937 889 1978 m
944 1914 1277 1998 regionem
1332 1913 1609 1997 insulae,
1671 1913 1749 1978 de
1806 1935 1934 1997 qua
1989 1915 2137 1976 ante
2195 1911 2436 1976 dictum
2494 1916 2613 1996 est,

260 2003 569 2086 parabat,
624 2025 849 2068 averso
900 2001 1097 2068 hoste
1146 2003 1215 2066 in
1262 2023 1401 2084 606,
1461 2002 1572 2086 qui
1617 2023 1764 2066 cum
1808 2001 2183 2066 Ptolemaeo
2239 1999 2611 2065 inferiorem

263 2091 655 2157 obsederant
698 2090 935 2175 ripam,
983 2087 1129 2156 cum
1173 2091 1464 2175 procella
1507 2091 1782 2155 imbrem
1819 2091 1927 2155 vix
1975 2089 2094 2154 sub
2139 2089 2330 2155 tectis
2376 2089 2612 2154 tolera-

262 2180 464 2244 bilem
510 2180 808 2245 effundit:
865 2179 1207 2264 obrutique
1264 2179 1506 2244 milites
1551 2179 1774 2244 nimbo
1831 2181 1899 2243 in
1945 2181 2187 2243 terram
2236 2177 2613 2262 refugerunt

260 2268 545 2354 navigiis
591 2269 965 2354 ratibusque
1021 2269 1312 2334 desertis.
1404 2265 1528 2333 Sed
1575 2267 2114 2332 tumultuantium
2158 2267 2458 2332 fremitus
2506 2266 2614 2332 ob-

264 2357 704 2443 strepentibus
779 2359 991 2424 ventis
1066 2358 1149 2423 ab
1224 2357 1413 2424 hoste
1484 2379 1618 2423 non
1689 2361 1949 2441 poterat
2022 2356 2248 2422 audiri.

262 2452 595 2512 momento
641 2448 952 2531 temporis
998 2469 1329 2531 repressus
1380 2450 1479 2511 est
1522 2447 1759 2530 imber,
1815 2449 2100 2511 ceterum
2156 2446 2315 2510 adeo
2365 2446 2613 2529 spissae

262 2537 598 2601 intendere
644 2558 713 2601 se
758 2538 991 2615 nubes,
1046 2540 1120 2601 ut
1165 2538 1515 2601 conderent
1557 2536 1768 2600 lucem
1815 2536 2044 2619 vixque
2091 2534 2614 2618 conloquentium

266 2625 440 2688 inter
481 2624 658 2707 ipsos
703 2625 906 2690 facies
951 2626 1443 2691 noscitarentur.
1518 2623 1884 2689 Terruisset
1931 2624 2127 2687 alium
2163 2622 2443 2688 obducta
2485 2646 2616 2688 nox
2653 2642 2718 2690 25

269 2712 479 2796 caelo,
524 2733 669 2778 cum
706 2713 931 2797 ignoto
973 2735 1159 2778 amne
1205 2712 1650 2799 navigandum.
1687 2715 1878 2790 esset,
1925 2712 2202 2777 forsitan
2237 2711 2429 2777 hoste
2467 2734 2614 2776 eam

271 2909 321 2959 5.
380 2910 464 2958 21.
528 2934 598 2943 --
658 2905 845 2971 fossa
906 2918 1179 2974 quoque,
1241 2906 1397 2959 nach-

268 2974 473 3029 Arrian
506 2974 597 3029 die
625 2974 988 3045 Einsenkung
1023 2976 1209 3031 hinter
1234 2974 1391 3031 einer

270 3045 371 3099 der
415 3044 591 3101 Kuste
636 3044 870 3116 entlang
914 3046 1037 3101 sich
1084 3047 1390 3103 ziehenden

268 3116 554 3186 waldigen
588 3116 843 3173 Anhohe.

343 3220 425 3270 18.
464 3215 880 3285 obequitare,
925 3214 1031 3269 wie
1080 3220 1163 3270 10.
1212 3220 1260 3271 9.
1304 3220 1387 3283 16,

273 3285 399 3340 ‘auf
414 3284 720 3356 jemanden
744 3286 1034 3341 zureiten.’
1100 3286 1263 3340 Nach
1282 3288 1387 3339 Ar—

268 3355 393 3412 rian
420 3356 606 3413 ffihrte
633 3357 893 3413 Craterus
923 3357 1022 3413 das
1044 3354 1385 3411 Commando

268 3428 407 3482 iiber
436 3427 570 3497 jene
608 3430 890 3499 Truppen.

342 3530 427 3581 20.
456 3527 529 3580 iu
564 3527 840 3581 diversa
864 3530 1091 3595 parte,
1128 3525 1251 3580 hier
1285 3544 1391 3580 nur

272 3613 315 3649 s.
335 3615 387 3650 v.
410 3612 459 3652 a.
490 3598 553 3651 iu
580 3598 695 3653 loco
719 3598 879 3665 ripae
904 3598 975 3652 ab
1011 3597 1202 3653 insula
1238 3598 1392 3666 Zonqe

270 3672 497 3733 remote,
540 3668 781 3723 hostibus
817 3668 1057 3723 adverso.
1134 3666 1395 3722 Gemeint

270 3737 347 3792 ist
372 3738 463 3792 die
490 3739 725 3806 inferior
754 3740 886 3807 ripa
914 3741 965 3807 (ὅ
994 3740 1103 3808 23).
1168 3738 1389 3797 Ebenso

271 3815 322 3863 3.
360 3814 412 3865 4.
450 3816 482 3863 6
520 3811 583 3863 in
618 3810 889 3867 diuersum
925 3812 1071 3866 litus.
1103 3840 1169 3851 —
1204 3826 1391 3865 suum

270 3880 1390 3947 taberuaeulum;dasPossessivnach-

272 3950 567 4077 {rilissklich
602 3953 829 4021 betont,
870 3952 1011 4007 ‘sein
1038 3952 1389 4023 konigliches

317 4039 347 4077 e
426 4066 437 4077 .

344 4116 428 4167 21.
476 4112 797 4167 Attalum.
880 4112 1042 4167 Nach
1086 4112 1289 4167 Arrian
1340 4118 1387 4165 5.

280 4185 361 4237 12.
386 4188 413 4235 1
447 4199 565 4237 war
591 4200 651 4237 er
679 4182 772 4237 ein
797 4184 1074 4238 Taxiarch
1103 4184 1200 4237 des
1229 4184 1390 4237 Fuss-

274 4252 451 4310 volks.
500 4284 569 4294 -
607 4256 831 4323 praeb.
888 4256 1179 4325 speciem.
1265 4254 1391 4308 Von

276 4324 499 4391 speeiem
541 4324 721 4395 h'angt
771 4326 890 4382 lose
926 4326 1018 4381 ein
1055 4341 1166 4380 acc.
1207 4340 1251 4379 c.
1278 4324 1387 4380 inf.

1497 2905 1596 2973 ab,
1651 2903 1758 2958 wie
1810 2910 1858 2958 6.
1904 2908 1955 2957 2.
2003 2910 2035 2957 6
2089 2919 2201 2957 von
2252 2902 2616 2971 suspicionem

1486 2976 1764 3045 praebere.

1567 3052 1654 3103 22.
1729 3044 2075 3113 effectum,
2151 3042 2612 3114 Ausft’ihrung.

1495 3117 1600 3172 Die
1637 3117 1834 3173 Worte
1880 3117 2046 3170 huius
2082 3116 2301 3169 consilii
2345 3112 2615 3169 beziehen

1496 3189 1618 3244 sich
1665 3189 1765 3242 auf
1809 3188 1909 3242 das
1961 3192 1991 3253 ξ
2033 3190 2238 3241 18--22
2275 3185 2612 3241 Berichtete.

1567 3266 1841 3315 23.·cum
1895 3256 2134 3313 ceteris
2189 3258 2410 3326 copiis
2459 3256 2511 3310 d.
2557 3256 2613 3311 11.

1494 3330 1602 3384 mit
1655 3330 1860 3396 denen,
1915 3329 2006 3383 die
2053 3328 2181 3383 dem
2233 3329 2408 3383 Porus
2455 3328 2617 3381 nicht

1497 3400 2248 3541 Ξὲἓὲῗὲθέὲὲῗῗεῶῃῖ
2256 3400 2617 3525 ὴέξὲἰοῧξθῗ

1494 3543 1674 3599 leicht
1699 3541 1919 3597 schrieb
1947 3541 2031 3597 C.:
2069 3560 2096 3597 e
2131 3543 2348 3611 reqione
2383 3542 2614 3610 insulae,

1498 3615 1605 3669 wie
1644 3614 1798 3669 Caes.
1845 3612 1899 3668 b.
1940 3631 1985 3668 c.
2038 3618 2084 3668 1.
2124 3620 2209 3667 25.
2249 3619 2281 3667 6
2329 3629 2356 3666 6
2399 3614 2618 3682 reqione

1497 3687 1679 3751 motiS,
1736 3683 1788 3738 (1.
1836 3684 1891 3738 11.
1947 3684 2004 3737 in
2051 3684 2288 3753 gerader
2331 3683 2617 3754 Richtung

1497 3756 1604 3811 mit
1631 3756 1730 3810 der
1755 3755 1923 3822 Insel,
1953 3756 2080 3809 dem
2101 3753 2297 3809 Raude
2325 3755 2617 3809 derselben

1497 3828 1741 3897 entlang.
1776 3856 1846 3869 -
1883 3827 2192 3894 effundit
2226 3826 2332 3880 wie
2369 3832 2418 3879 3.
2461 3832 2542 3881 13.
2584 3831 2614 3880 ’1

1487 3900 1733 3969 procella
1767 3898 1945 3952 nivem
1989 3898 2269 3965 effuderat.
2337 3895 2616 3950 Aehnlich

1496 3974 1740 4025 excutere
1775 3974 1826 4023 4.
1865 3974 1914 4024 7.
1958 3974 2038 4021 14.

1569 4046 1654 4096 24.
1683 4042 1942 4109 spissae
1967 4040 2088 4093 int.
2115 4053 2178 4092 se
2203 4038 2422 4092 nubea
2463 4036 2614 4090 Ganz

1497 4114 1702 4167 ebenso
1742 4110 1886 4166 oben
1921 4116 1972 4164 4.
2003 4115 2051 4163 3.
2086 4114 2167 4163 16.
2225 4108 2386 4162 Nach
2414 4107 2616 4161 Arrian

1496 4182 1632 4238 fand
1679 4182 1770 4236 die
1806 4178 2144 4235 Ueberfahrt
2186 4196 2282 4233 zur
2316 4177 2616 4233 Nachtzeit

1497 4256 1652 4309 statt.

1569 4331 1654 4380 26.
1711 4340 1844 4380 eam
1907 4324 2120 4391 ipsam
2177 4323 2412 4391 ripam.
2505 4318 2617 4375 Ge-

1895 755 2022 822 Per
2069 759 2411 842 conplures
2467 759 2606 822 dies
2647 776 2712 825 19

1731 1645 1946 1710 Huius
2001 1645 2256 1710 consilii
2313 1645 2607 1710 effectum
2644 1664 2712 1712 22

1767 1822 2065 1888 Traicere
2140 1843 2392 1891 amnem
2464 1844 2610 1888 cum
2647 1841 2714 1890 23

2363 2354 2612 2421 Deinde
2650 2374 2719 2423 24
