3069 4749
786 141 1297 198 HISTORIARUM
1334 142 1762 198 ALEXANDRI
1799 141 1956 211 VIII,
1998 149 2080 198 10.
2123 149 2206 198 11.

2542 142 2670 209 149

326 308 536 372 filium
584 306 737 390 dici,
782 305 895 371 sed
940 306 1227 390 corporis
1275 306 1457 391 aeg-ri
1500 306 1665 370 vitia
1710 305 1968 371 sentire.
2056 304 2210 371 Non
2252 310 2473 372 tamen
2519 309 2669 372 ante
2707 327 2776 376 30

328 419 397 462 se
434 397 679 480 recepit
714 395 785 460 in
822 399 1055 478 castra,
1094 417 1287 479 quam
1324 397 1558 460 cuncta
1592 394 1918 478 perspexit
1955 399 2039 478 et,
2077 417 2240 479 quae
2277 395 2419 470 fieri
2455 395 2672 480 vellet,

219 489 305 554 38
327 484 543 550 edixit.
640 483 849 568 Ergo,
912 483 1083 548 sicut
1134 485 1526 568 imperatum
1583 486 1747 566 erat,
1804 483 1918 548 alii
1973 486 2158 548 extra
2210 485 2440 550 urbem
2495 487 2672 550 tecta

328 573 846 638 demoliebantur
900 572 1357 657 ingentemque
1411 573 1548 636 vim
1601 572 1916 637 materiae
1959 571 2250 638 faciendo
2298 573 2523 658 aggeri
2569 573 2672 638 de-

325 662 697 745 trahebant,
732 662 845 726 alii
882 682 1265 748 magnarum
1305 662 1611 726 arborum
1649 661 1906 744 stipites
1945 683 2091 726 cum
2117 662 2318 728 ramis
2357 683 2433 727 ac
2461 662 2670 728 moles

328 772 629 816 saxorum
701 750 771 815 in
830 772 1139 815 cavernas
1204 751 1584 816 deiciebant.
1690 749 1957 834 Iamque
2021 771 2220 836 agger
2283 753 2674 835 aequaverat
2706 771 2775 819 31

330 861 621 905 summae
656 839 996 923 fastigium
1033 843 1267 906 terrae.
1346 838 1577 924 Itaque
1613 843 1826 904 turres
1863 838 2222 924 erigebant,
2267 861 2432 924 quae
2471 861 2670 923 opera

326 929 576 1012 ingenti
624 929 909 993 militum
954 929 1183 994 ardore
1226 929 1398 992 intra
1442 949 1685 992 nonum
1740 927 1911 992 diem
1958 928 2260 993 absoluta
2305 932 2475 994 sunt.
2565 927 2670 992 Ad

330 1039 405 1082 ea
448 1018 713 1083 visenda
758 1039 871 1081 rex
906 1017 1193 1082 nondum
1232 1017 1511 1083 obducta
1547 1017 1804 1082 vulneri
1841 1017 2138 1082 cicatrice
2175 1016 2497 1100 processit
2533 1017 2670 1082 lau-

326 1106 621 1191 datisque
678 1106 995 1171 militibus
1052 1105 1382 1171 admoveri
1426 1105 1762 1170 machinas
1809 1105 2028 1188 iussit,
2075 1127 2108 1170 e
2155 1106 2388 1190 quibus
2436 1105 2668 1191 ingens

327 1195 424 1259 vis
490 1196 767 1260 telorum
835 1195 907 1259 in
976 1198 1493 1281 propugnatores
1561 1194 1763 1260 effusa
1831 1197 1946 1259 est.

2061 1193 2412 1279 Praecipue
2475 1194 2668 1259 rudes
2705 1214 2786 1263 32

327 1282 557 1348 talium
602 1305 868 1368 operum
909 1285 1248 1349 terrebant
1292 1284 1573 1349 mobiles
1608 1287 1822 1348 turres
1858 1286 2204 1368 tantasque
2242 1283 2446 1348 moles
2485 1283 2669 1348 nulla

326 1394 466 1454 ope,
512 1395 675 1457 quae
720 1376 1113 1456 cerneretur,
1170 1372 1466 1439 admotas
1515 1373 1783 1438 deorum
1829 1372 2091 1436 numine
2139 1373 2248 1457 agi
2293 1371 2667 1436 credebant:
2717 1397 2724 1402 ·

320 1461 461 1544 pila
516 1484 770 1547 quoque
824 1462 1107 1527 muralia
1159 1466 1227 1527 et
1271 1483 1572 1526 excussas
1616 1461 1960 1525 tormentis
2006 1481 2393 1546 praegraves
2441 1460 2666 1526 hastas

322 1551 657 1633 negabant
703 1552 1046 1617 convenire
1092 1551 1497 1616 mortalibus.
1577 1549 1807 1634 Itaque
1853 1549 2195 1633 desperata
2237 1549 2418 1614 urbis
2458 1550 2667 1614 tutela
2704 1571 2774 1618 33

324 1659 697 1704 concessere
760 1640 828 1703 in
892 1660 1125 1704 arcem.
1224 1638 1408 1724 Inde,
1472 1639 1626 1724 quia
1687 1638 1852 1703 nihil
1913 1638 2196 1704 obsessis
2250 1641 2508 1722 praeter
2563 1638 2666 1702 de-

326 1726 640 1791 ditionem
693 1727 990 1810 patebat,
1047 1728 1249 1813 legati
1296 1729 1376 1793 ad
1422 1748 1642 1813 regem
1690 1727 2156 1792 descenderunt
2199 1727 2455 1792 veniam
2500 1727 2664 1811 peti-

324 1815 473 1878 turi.
566 1815 706 1891 Qua
760 1816 1087 1900 inpetrata
1139 1817 1366 1902 regina
1419 1817 1601 1882 venit
1646 1837 1793 1880 cum
1838 1836 2076 1901 magno
2121 1816 2438 1882 nobilium
2484 1815 2666 1880 femi·
2702 1836 2776 1884 34

325 1924 557 1969 narum
597 1924 793 1990 grege
830 1905 1041 1970 aureis
1079 1906 1323 1989 pateris
1361 1907 1513 1971 vina
1550 1905 1916 1970 libantium.
1989 1904 2142 1989 Ipsa
2179 1905 2451 1990 genibus
2488 1904 2664 1990 regis
2704 1926 2774 1975 35

323 2013 529 2074 parvo
590 1994 727 2058 filio
791 1993 1057 2060 admoto
1120 2016 1253 2058 non
1322 1993 1579 2059 veniam
1642 1994 1866 2078 modo,
1931 1994 2041 2058 sed
2097 1995 2295 2060 etiam
2350 1994 2665 2077 pristinae

323 2079 623 2147 fortunae
682 2083 1039 2166 inpetravit
1092 2082 1311 2148 decus:
1376 2083 1612 2167 quippe
1677 2083 2008 2166 appellata
2067 2083 2294 2168 regina
2358 2087 2477 2148 est.
2574 2081 2666 2148 Et
2700 2103 2770 2153 36

326 2169 649 2236 credidere
688 2171 950 2256 quidam
986 2172 1135 2256 plus
1180 2173 1429 2237 formae
1473 2193 1670 2256 quam
1706 2171 2110 2238 miserationi
2147 2171 2388 2236 datum.
2451 2170 2662 2238 Puero

324 2261 495 2324 certe
538 2263 771 2344 postea
818 2283 895 2326 ex
941 2283 1017 2326 ea
1062 2264 1409 2345 utcumque
1455 2261 1678 2346 genito
1727 2259 2095 2325 Alexandro
2141 2261 2268 2325 fuit
2310 2283 2565 2326 nomen.
2653 2258 2723 2412 67

1334 2437 1495 2504 ΟΑΡ.
1541 2437 1653 2503 XI.

213 2564 299 2627 39
497 2560 666 2627 Hinc
720 2563 1125 2647 Polypercon
1180 2564 1261 2629 ad
1314 2565 1543 2629 urbem
1587 2561 1837 2628 Noram
1894 2585 2039 2629 cum
2095 2564 2380 2629 exercitu
2425 2564 2662 2641 missus
2705 2585 2732 2632 1

210 2731 225 2747 ο
322 2648 684 2715 inconditos
739 2652 1097 2735 oppidanos
1144 2652 1391 2735 proelio
1437 2654 1621 2719 vicit:
1668 2652 1844 2717 intra
1880 2653 2281 2717 munimenta
2316 2653 2664 2737 conpulsos

317 2874 643 2944 Ausspruch
667 2876 1013 2931 Alexanders
1038 2876 1261 2933 referirt
1286 2877 1433 2934 Plut.

320 2944 501 3013 (Alex.
538 2947 629 3015 28)
683 2963 770 3001 soz
826 2948 993 3003 τοῦτο
1030 2946 1143 3018 ,μὲν
1190 2944 1253 3003 τὸ
1302 2946 1433 3019 ὁὲον

321 3012 462 3086 αἷμα
517 3016 614 3071 καὶ
668 3012 773 3073 οὐκ
830 3014 991 3088 ἰχὼρ,
1048 3016 1167 3082 οἷός
1219 3019 1327 3089 πέρ
1373 3039 1432 3077 τε

318 3082 441 3156 ῥέει
476 3082 787 3157 μακάρεσσι
820 3093 1013 3145 θεοῖσι
1055 3091 1161 3145 mit
1200 3091 1432 3162 Anspie—

315 3158 455 3228 lung
490 3158 594 3213 auf
620 3160 783 3215 Hom.
820 3161 883 3215 Il.
924 3166 972 3215 5.
1011 3167 1131 3217 340.

384 3243 471 3293 30.
525 3239 735 3309 ErqO,
790 3241 1166 3297 abbrechend.
1213 3272 1279 3282 —-
1326 3243 1431 3310 fa·

312 3310 547 3365 ciendo
585 3314 835 3381 aqqeri.
908 3312 1094 3369 Ueber
1131 3312 1239 3367 den
1265 3312 1435 3369 Dativ

312 3396 355 3437 s.
394 3380 537 3438 Einl.
577 3386 607 3447 ὅ
645 3388 729 3439 37.

385 3457 468 3505 31.
505 3454 864 3525 fastiyium
900 3458 1122 3509 terrae
1156 3453 1263 3508 wie
1298 3460 1349 3509 4.
1380 3462 1429 3509 2.

318 3526 387 3645 lg
429 3538 605 3646 aqgae
650 3524 939 3595 fastiyium
994 3526 1263 3594 aequabat
1316 3527 1433 3581 und

314 3608 347 3647 o
388 3608 459 3647 en
531 3634 544 3647 .
584 3599 633 3648 3.

384 3668 469 3718 32.
514 3664 727 3721 rudes.

310 3740 361 3788 2.
404 3739 486 3789 17.
524 3751 578 3789 u.
618 3739 667 3792 ὅ.

380 3810 467 3860 33.
515 3807 799 3874 patebat
842 3806 949 3864 wie
984 3808 1198 3865 Bactra
1232 3814 1430 3878 patent

308 3882 358 3931 5.
380 3881 461 3931 10.
480 3881 530 3931 9.
573 3874 839 3933 Daneben
856 3879 1005 3934 auch
1021 3880 1431 3949 vollstandiger

306 3949 401 4003 via
426 3949 532 4012 (rei
559 3950 825 4017 aqendae)
845 3955 1000 4019 patet
1025 3951 1171 4007 oben
1199 3956 1247 4006 8.
1270 3958 1318 4007 6.
1346 3956 1426 4007 10.

380 4033 465 4083 35.
496 4044 597 4096 pr.
616 4028 658 4094 f.
680 4030 893 4084 decus.
930 4029 1059 4099 Vgl.
1078 4032 1314 4099 pristini
1340 4032 1427 4086 de-

306 4100 449 4153 coris
497 4104 547 4155 3.
590 4105 672 4153 11.
713 4105 812 4164 25,·
848 4102 1127 4169 pristinae
1168 4103 1429 4169 for-tunae

306 4174 591 4237 apparatu
625 4176 677 4225 3.
718 4177 805 4226 12.
846 4177 927 4227 12.

379 4246 462 4294 36.
502 4241 728 4297 datum
756 4268 823 4287 =
852 4244 1289 4312 obtemperatum,
1320 4244 1426 4299 wie

308 4314 360 4363 9.
390 4315 439 4362 2.
470 4316 539 4365 30
567 4312 692 4367 date
725 4314 824 4369 hoc
850 4314 1107 4383 precibus
1138 4315 1284 4370 meis.
1352 4315 1424 4370 So

799 3666 911 3721 Der
949 3666 1189 3723 Genetiv
1233 3668 1339 3723 wie
1375 3673 1426 3724 4.

1541 2879 1781 2934 braucht
1839 2876 1980 2948 Nep.
2039 2884 2087 2933 7.
2140 2884 2188 2933 4.
2241 2886 2273 2933 6
2321 2894 2536 2948 parere.
2593 2912 2661 2921 -—

1543 2954 1714 3005 certe
1759 2974 1827 2996 ι-
1867 2948 2276 3019 jedenfalls,
2331 2950 2437 3005 wie
2485 2956 2533 3005 5.
2576 2956 2662 3005 11.

1545 3027 1636 3088 113
1676 3026 1726 3075 9.
1763 3026 1814 3077 4.
1853 3027 1946 3088 263
1985 3027 2034 3075 9.
2067 3027 2117 3076 8.
2147 3025 2240 3087 223
2283 3025 2362 3074 ιο.
2395 3026 2445 3075 3.
2476 3027 2528 3088 4;
2577 3027 2662 3076 10.

1543 3098 1626 3149 10.
1669 3098 1761 3159 14;
1817 3091 1936 3147 Liv.
1985 3098 2070 3147 23.
2116 3098 2201 3147 47.
2247 3096 2280 3145 8
2329 3109 2379 3147 u.
2420 3097 2496 3160 6„
2553 3092 2664 3148 den

1541 3162 1852 3233 Gegensatz
1895 3162 2127 3218 bildend
2170 3180 2238 3217 zu
2273 3162 2372 3217 der
2405 3162 2485 3217 im
2521 3162 2661 3219 Vor-

1539 3234 1936 3305 hergehenden
1970 3233 2458 3305 ausgesprochnen
2492 3235 2653 3290 awei-

1542 3305 1818 3360 felhaften
1860 3304 2252 3375 Behauptung.
2301 3336 2368 3346 —
2415 3310 2686 3361 moun-⁹

1541 3392 1687 3445 que,
1733 3375 1786 3430 d.
1823 3376 1860 3429 i.
1907 3376 2018 3431 sive
2051 3378 2150 3431 hoc
2183 3378 2297 3432 sive
2333 3378 2445 3433 alio
2475 3382 2657 3445 patre.

1537 3446 1725 3501 Justin
1752 3449 1860 3515 (12.
1893 3449 1944 3517 7)
1984 3448 2200 3503 erzahlt
2235 3448 2326 3503 die
2355 3448 2534 3503 Sache
2571 3448 2657 3503 als

1538 3534 1682 3587 ganz
1716 3518 2149 3575 unzweifelhaft.

1964 3650 2090 3705 CAP.
2127 3650 2219 3707 XI.

1611 3754 1657 3802 1.
1721 3747 1833 3803 No
1851 3766 1882 3803 r
1900 3766 1937 3804 a
1955 3766 2010 3803 m
2026 3791 2044 3815 ,
2100 3749 2479 3805 vermuthlich
2533 3764 2658 3806 ver-

1534 3818 1827 3875 schrieben
1871 3837 1972 3875 aus
2021 3819 2232 3889 Ora(m)
2279 3844 2346 3865 --
2383 3812 2518 3890 Ὦρα
2561 3820 2656 3877 bei

1532 3890 1737 3945 Arrian
1773 3896 1824 3945 4.
1853 3897 1939 3947 27.
1971 3896 2020 3946 5.
2085 3890 2433 3961 Polypercon

1533 3961 1686 4017 wohl
1730 3960 1840 4016 den
1877 3962 2215 4017 Oberbefehl
2257 3961 2397 4017 fiber
2437 3962 2527 4017 die
2562 3962 2658 4017 bei

1534 4032 1740 4087 Arrian
1793 4034 2121 4088 erwahnten
2170 4032 2538 4103 Truppenkor
2609 4050 2654 4088 r.

1534 4102 1697 4158 Nach
1751 4103 1881 4159 dem
1929 4105 2248 4173 genannten
2294 4102 2534 4159 Geschic
2574 4106 2653 4159 ts-

1537 4173 1819 4228 schreiber
1869 4174 2042 4229 nahm
2087 4174 2245 4230 Alex.
2303 4174 2653 4231 schlieeslich

1534 4245 1712 4299 selbst
1755 4245 1846 4299 die
1893 4244 2058 4300 Stadt
2101 4246 2194 4301 ein
2235 4247 2351 4300 und
2395 4263 2544 4301 zwar
2591 4244 2657 4313 ἐξ.

1536 4311 1754 4385 ἐφόδου
1791 4313 2137 4389 προςβαλών.
