3069 4749
458 109 584 174 156
1359 109 1422 174 Q.
1462 109 1682 164 CURTI
1718 107 1893 164 RUFI

449 271 803 356 ferebatur,
865 273 1245 355 occultaque
1299 293 1459 336 saxa
1511 270 1722 336 inesse
1778 271 2211 338 ostendebant
2234 288 2249 304 ·
2272 273 2567 356 pluribus
2633 273 2809 339 locis

301 433 312 442 Ω
347 369 412 417 10
449 360 660 425 undae
713 382 1142 444 repercussae.
1243 358 1627 424 Terribilior
1681 359 1879 426 facies
1934 363 2079 426 erat'
2126 362 2337 446 ripae,
2398 384 2595 446 quam
2650 363 2808 446 equi

449 449 728 532 virique·
763 451 1240 534 conpleverant.
1347 447 1626 514 Stabant
1696 450 1997 535 ingentes
2061 454 2392 516 vastorum
2456 471 2806 535 corporum

449 538 654 603 moles
691 542 758 603 et
802 539 880 604 de
925 538 1245 607 industria
1289 537 1595 602 inritatae
1641 537 1961 628 horrendo
2010 539 2286 606 stridore
2334 561 2519 606 aures
2566 540 2806 624 fatiga-

347 635 409 682 11
450 626 626 692 bant.
724 626 898 694 Hinc
953 627 1190 712 amnis,
1252 626 1407 692 hinc
1470 626 1685 691 hostis
1745 627 2009 711 capacia
2072 629 2331 712 quidem
2384 629 2592 694 bonae
2656 631 2802 714 spei

449 718 720 799 pectora
765 720 830 781 et
877 739 1072 802 saepe
1119 738 1188 783 se
1236 719 1499 799 experta
1544 716 1875 800 inproviso
1920 719 2141 782 tamen
2184 739 2424 801 pavore
2469 739 2799 801 percusse-

451 809 620 871 rant.
711 805 961 890 Quippe
1015 805 1352 870 instabiles
1407 808 1585 869 rates
1650 826 1769 871 nec
1824 805 2017 890 dirigi
2076 806 2155 871 ad
2209 807 2422 890 ripam
2480 829 2599 873 nec
2651 810 2799 872 tuto

347 901 411 948 12
451 893 765 976 adplicari
836 916 1026 978 posse
1099 894 1462 958 credebant.
1576 892 1787 958 Erant
1855 895 1923 958 in
1998 895 2209 960 medio
2284 917 2469 961 amne
2542 898 2797 962 insulae

455 982 746 1065 crebrae,
809 985 880 1047 in
933 1005 1094 1068 quas
1149 987 1215 1048 et
1267 981 1415 1046 Indi
1469 985 1534 1046 et
1590 980 1975 1049 Macedones
2027 988 2260 1049 nantes
2314 985 2547 1050 levatis
2604 1008 2799 1070 super

455 1071 669 1154 capita
724 1072 923 1136 armis
985 1071 1376 1136 transibant.
1475 1069 1582 1135 Ibi
1644 1071 1815 1136 levia
1876 1073 2125 1155 proelia
2179 1074 2679 1140 conserebantur
2730 1081 2799 1141 et

451 1163 722 1244 uterque
769 1183 882 1225 rex
925 1183 1166 1244 parvae
1211 1161 1308 1225 rei
1353 1159 1724 1226 discrimine
1781 1181 2071 1226 summac
2116 1163 2567 1245 experiebatur
2614 1186 2801 1242 even·

346 1265 412 1314 13
450 1250 609 1314 tum.
675 1247 980 1316 Ceterum
1015 1250 1086 1314 in
1109 1247 1534 1315 Macedonum
1570 1248 1857 1314 exercitu
1892 1251 2255 1314 temeritate
2294 1255 2489 1336 atque
2526 1252 2799 1320 audacia

450 1336 742 1422 insignes
787 1339 966 1403 fuere
1005 1337 1432 1420 Symmachus
1479 1341 1544 1402 et
1577 1336 1895 1422 Nicanor,
1937 1339 2187 1404 nobiles
2233 1339 2496 1406 iuvenes
2542 1345 2609 1405 et
2652 1364 2797 1425 per·

447 1429 648 1508 petua
683 1427 966 1510 partium
993 1427 1310 1492 felicitate
1339 1425 1421 1490 ad
1449 1427 1880 1510 spernendum
1909 1448 2097 1492 omne
2134 1429 2491 1511 periculum
2524 1433 2798 1498 accensi.

347 1535 412 1584 14
451 1513 610 1590 Quis
648 1516 917 1581 ducibus
954 1515 1428 1600 promptissimi
1465 1515 1767 1580 iuvenum
1804 1516 2045 1582 lanceis
2079 1517 2270 1582 modo
2310 1519 2546 1583 armati
2580 1523 2798 1584 trans-

447 1623 684 1668 navere
739 1605 808 1670 in
862 1605 1174 1688 insulam,
1229 1625 1425 1688 quam
1476 1603 1779 1688 frequens
1825 1605 2034 1670 hostis
2078 1606 2370 1689 tenebat,
2424 1607 2794 1693 multosque

449 1690 788 1774 Indorum,
833 1694 1017 1758 nulla
1063 1716 1133 1757 re
1177 1693 1409 1758 melius
1456 1715 1652 1776 quam
1692 1693 1963 1759 audacia
2006 1695 2267 1779 armati,
2310 1695 2795 1763 interemerunt.

345 1803 410 1852 15
446 1778 649 1846 Abire
713 1805 860 1848 cum
922 1783 1134 1868 gloria
1194 1785 1524 1865 poterant,
1591 1782 1647 1848 si
1710 1804 2019 1868 umquam
2081 1784 2415 1850 temeritas
2478 1784 2635 1850 felix
2696 1787 2793 1852 in·

449 1870 705 1935 veniret
742 1871 1032 1936 modum:
1069 1871 1182 1936 sed
1220 1871 1374 1936 dum
1413 1872 1935 1954 supervenientes
1964 1873 2387 1956 contemptim
2416 1881 2483 1938 et
2518 1876 2793 1958 superbe

450 1979 704 2043 quoque
759 1964 1128 2044 expectant,
1182 1961 1603 2026 circumventi
1658 1961 1741 2024 ab
1797 1960 1906 2045 iis,
1972 1961 2083 2045 qui
2136 1962 2373 2027 occulti
2424 1970 2794 2049 enaverant,

343 2073 407 2122 16
447 2049 696 2112 eminus
745 2050 965 2115 obruti
1010 2050 1164 2114 telis
1209 2053 1404 2114 sunt.
1473 2049 1597 2126 Qui
1642 2050 2001 2136 effugerant
2046 2049 2331 2136 hostem,
2384 2056 2499 2117 aut
2542 2053 2791 2137 impetu

446 2137 654 2202 amnis
693 2138 901 2204 ablati
940 2142 1092 2204 sunt
1127 2143 1243 2204 aut
1269 2138 1621 2204 verticibus
1648 2138 1949 2222 inpliciti.
2012 2139 2239 2224 anue
2264 2161 2485 2226 pugna
2512 2143 2789 2207 multum
2812 2143 2899 2206 46

340 2252 404 2300 17
441 2224 594 2289 Pori
639 2227 940 2292 fiduciam
987 2229 1190 2292 erexit
1236 2230 1466 2292 cuncta
1507 2227 1829 2292 cernentis
1878 2250 1911 2292 e
1957 2228 2117 2312 ripa.
2188 2229 2559 2295 Alexander
2600 2232 2785 2314 inops

441 2314 700 2380 consilii
757 2315 1018 2381 tandem
1075 2315 1159 2380 ad
1212 2315 1567 2380 fallendum
1629 2314 1885 2381 hostem
1948 2317 2153 2381 talem
2208 2317 2429 2384 dolum
2494 2319 2787 2386 intendit.

437 2400 604 2467 Erat
665 2404 880 2468 insula
943 2404 1012 2468 in
1074 2404 1336 2468 flumine
1401 2402 1677 2487 amplior
1741 2404 1999 2489 esteris,
2065 2405 2383 2472 silvestris
2444 2408 2663 2473 eadem
2718 2412 2787 2473 et

440 2574 1006 2645 engenUferrandern
1023 2576 1170 2631 sich
1195 2578 1557 2633 brechend.
1670 2578 1761 2633 die
1824 2579 1925 2633 hin
1985 2580 2101 2634 und
2162 2579 2264 2635 her
2331 2583 2781 2651 geschaukelten.

437 2645 628 2701 Etwas
664 2647 864 2701 anders
897 2647 974 2702 ist
1009 2648 1110 2703 das
1138 2648 1302 2705 Wort
1329 2656 1378 2705 9.
1408 2654 1458 2704 2.
1492 2654 1558 2703 17
1670 2649 1743 2705 So
1782 2650 1925 2705 oben
1962 2656 2013 2705 4.
2052 2657 2101 2706 2.
2142 2658 2175 2707 9
2210 2670 2379 2709 naves
2404 2656 2701 2723 pendentes
2735 2660 2785 2709 et

438 2734 508 2771 zu
550 2717 766 2788 fassen,
814 2719 1038 2775 obwohl
1084 2719 1213 2775 dort
1255 2719 1347 2774 die
1388 2720 1560 2775 Wen-
1667 2722 1965 2777 instabiles.
2374 2728 2403 2755 ⁰

438 2788 591 2857 dung
629 2788 726 2843 des
761 2790 1094 2845 Gedankens
1129 2790 1247 2845 und
1283 2791 1382 2845 der
1416 2792 1560 2846 Aus—
1745 2807 1825 2856 12.
1883 2818 2139 2872 parvae
2205 2806 2306 2859 rei
2376 2806 2805 2860 discrimina

439 2859 615 2943 druck
660 2860 739 2916 im
783 2861 1086 2945 Einzelnpn
1139 2879 1282 2944 ganz
1327 2861 1557 2918 ΜΘΗ
1668 2871 1828 2928 Sinn:
1894 2874 1975 2927 sie
2027 2873 2403 2931 berechneten
2454 2878 2601 2930 nach
2656 2876 2784 2931 dem

437 2932 527 2985 ist.
618 2931 888 3015 Bemerkt
941 2949 1038 3015 sei·
1079 2932 1370 3003 beilaufiffi
1427 2933 1558 2988 dass
1667 2943 1897 3013 Erfolge
1922 2944 2003 2997 im
2022 2944 2261 3000 Kleinen
2288 2946 2397 3001 den
2410 2946 2783 3002 wahrschein-

435 3002 758 3072 Hydaspes,
806 3003 920 3059 md·
971 3004 1219 3072 Vasta,
1267 3004 1557 3060 bedente&
1665 3014 1853 3070 lichen
1880 3014 2095 3069 Ausfan
2126 3016 2225 3070 der
2250 3016 2668 3087 Entsohoidung
2702 3018 2784 3072 im

443 3073 566 3128 ‘der
602 3074 1042 3131 Pfeilschnelle'.
1515 3146 1528 3158 Ο
1668 3085 1922 3140 Gna-ossen.

512 3151 591 3199 10·
629 3146 861 3212 facies·
926 3146 1035 3201 Mis·
1069 3147 1392 3230 demsselbffl}
1423 3145 1555 3216 ΕΡΙ·
1739 3170 1821 3219 13.
1854 3164 2176 3230 Ceteram,
2212 3164 2337 3218 hier
2362 3166 2508 3220 ohne
2538 3166 2647 3220 alle
2667 3168 2781 3222 Ad-

433 3216 636 3298 fflffessffll
671 3217 816 3303 811911
851 3224 934 3273 14·
963 3224 1049 3273 2⁷·
1106 3219 1290 3273 U0b01'
1325 3218 1417 3273 <110
1442 3234 1557 3301 yon
1663 3234 2085 3304 versativkraft,
2150 3234 2369 3289 einfach
2433 3254 2501 3291 zu
2562 3236 2615 3289 N
2616 3252 2783 3292 euem

434 3286 627 3368 Lutum
687 3287 879 3357 haufis
937 3289 1337 3374 mseveqdqsse
1399 3288 1553 3343 dwh·
1662 3305 2028 3362 fiberieitend.
2122 3304 2469 3361 erieohisoh2
2524 3298 2670 3377 ἦσαν
2726 3304 2781 3363 δ’

433 3357 672 3413 tensche
717 3357 942 3415 Formel
985 3377 1107 3429 ερατ
1154 3376 1368 3429 virique
1412 3377 1454 3414 s.
1503 3366 1553 3415 3.
1665 3373 1728 3432 gv
1782 3378 1851 3447 τῇ
1909 3376 2139 3447 στρατιᾷ
2192 3382 2304 3432 κτλ,
2358 3408 2424 3418 -..
2470 3380 2782 3447 partium

435 3434 486 3485 3·
524 3435 611 3485 23·
660 3460 727 3469 “““
773 3431 1061 3513 “qb‘mt-
1145 3431 1297 3515 qm
1347 3431 1553 3486 ebenflo
1660 3448 2011 3504 dunarum
2032 3449 2297 3517 partiam.
2337 3449 2391 3504 S.
2413 3450 2778 3507 oben4.16.4.

437 3500 581 3555 ohne
601 3500 1111 3571 Ortsbestimmung
1131 3503 1262 3570 (ibi)
1279 3501 1380 3557 der
1397 3502 1553 3559 Satz-

433 3570 645 3641 anfang
688 3571 782 3626 bei
818 3572 958 3629 Tac.
985 3590 1112 3629 ann.
1152 3579 1200 3627 1.
1240 3578 1308 3628 25
1354 3572 1555 3627 Stabat

432 3642 673 3697 Drusus.
761 3642 890 3713 vgl.
936 3643 1082 3699 Einl.
1129 3648 1160 3710 ἕ
1207 3649 1272 3699 52
1311 3661 1362 3699 a.
1445 3644 1551 3699 Die

432 3711 642 3768 Phrase
692 3730 858 3769 ames
911 3716 1150 3785 fatiyare
1205 3716 1381 3771 findet
1431 3714 1550 3769 sich

1733 3542 1817 3592 14.
1854 3538 2052 3593 nulla
2086 3554 2154 3593 re
2184 3538 2436 3594 melius.
2500 3538 2605 3595 Die
2636 3538 2777 3594 Con·

1660 3608 1941 3663 struktion
1959 3608 2064 3663 wie
2088 3616 2133 3664 1.
2156 3615 2249 3676 243
2284 3615 2364 3665 10.
2389 3616 2471 3665 10.
2496 3617 2577 3666 10.
2616 3611 2777 3666 Nach

1659 3679 1785 3733 dem
1830 3678 2037 3735 vorauf
2072 3679 2323 3735 ehenden
2370 3682 2577 3737 lanceis
2620 3684 2777 3737 modo

1658 3752 1863 3805 armati
1881 3767 2000 3804 war
2060 3750 2107 3805 ‘e
2122 3751 2423 3823 Wendung
2440 3754 2591 3809 wohl
2610 3751 2775 3809 keine

434 3784 588 3911 mill.
615 3790 666 3911 9c
675 3790 806 3925 (1.ῗᾶ
815 3791 922 3912 01ῗᾶ
971 3858 1244 3927 quidem.
1323 3856 1552 3926 Quidem
1657 3817 1949 3891 glucklmh
1986 3822 2280 3891 gewahste·

429 3925 571 3981 hebt
606 3928 705 3981 das
733 3927 1002 3997 Adjektiv
1038 3928 1240 3983 hei-vor
1271 3928 1386 3983 und
1415 3928 1549 3982 stei-
1668 3980 1679 3993 ‚
1731 3914 1812 3963 15·
1852 3914 1911 3963 0²
1945 3911 2227 3978 Superbe
2262 3929 2385 3981 (10⁶0
2437 3930 2513 3967 αθ
2550 3929 2593 3967 S·
2630 3932 2682 3969 V·
2722 3930 2774 3969 8·-

471 3999 558 4052 ert
606 3998 856 4053 dadurch
909 3999 1018 4055 den
1066 3998 1374 4069 Gegensatz
1421 4016 1547 4053 zum
1654 3996 1815 4035 ‘mmo
1860 3981 2101 4049 superbe·
2183 3980 2311 4070 Vgl·
2407 3984 2502 4067 1¹31·
2550 3989 2581 4050 ἓ
2616 3990 2687 4039 46
2724 4000 2773 4039 θ·

429 4014 512 4122 fol
583 4068 734 4124 nden
775 4070 1056 4139 inproviso
1105 4074 1288 4124 tamen
1328 4085 1545 4139 pavore.
1657 4082 1725 4091 ··-
1771 4056 2167 4121 enaverams
2210 4054 2380 4108 nam]-
2426 4072 2491 4109 m
2532 4054 2773 4110 vmulm

335 4140 341 4145 ·
430 4138 558 4207 Vg.
609 4138 874 4210 fibrigens
928 4140 1048 4195 Liv.
1098 4147 1183 4195 39.
1230 4147 1280 4195 s.
1331 4146 1358 4193 1
1413 4141 1548 4195 wrbs
1653 4125 1745 4186 (ex
1788 4123 1999 4191 undis).
2075 4122 2225 4179 Ganz
2270 4125 2475 4179 ebenso
2520 4130 2575 4185 9·
2613 4132 2662 4179 9.
2705 4130 2771 4179 18

431 4209 689 4275 capacior
743 4212 940 4266 taliam
987 4212 1256 4267 maloram
1299 4230 1352 4266 u.
1401 4212 1548 4267 oben
1654 4210 1818 4249 enare
1853 4194 1918 4248 ὄπ
1952 4195 2189 4249 tumul&
2222 4195 2523 4251 eminentes.

431 4281 480 4330 4.
523 4284 569 4331 ’1.
609 4284 703 4347 293
752 4288 800 4337 6.
841 4286 890 4335 5.
927 4288 1014 4337 29.
1054 4313 1121 4323 -
1157 4283 1546 4349 instabiles,
1730 4288 1811 4339 17.
1850 4283 2069 4339 dolum
2108 4283 2417 4338 intendit.
2492 4282 2679 4351 Vergl.
2722 4289 2772 4338 ’1.
