3069 4749
287 1468 352 1517 21
391 1449 687 1531 pervenit
741 1449 823 1513 ad
879 1448 1150 1533 gladios

401 132 485 196 38

1306 130 1371 195 Q.
1411 129 1632 185 GURTI
1667 128 1841 184 RUFI

400 294 823 359 consobrinus
869 294 999 358 fuit
1044 297 1111 358 et
1154 294 1226 357 in
1260 292 1644 358 Macedonia
1679 292 1881 375 capiti
1927 312 2072 357 meo
2119 291 2334 375 inpias
2372 297 2754 378 conparavit

396 382 697 468 insidias,
762 383 1009 447 socium
1066 404 1135 447 se
1192 386 1260 447 et
1314 382 1646 447 conscium
1703 381 2018 445 adiunxit.
2116 378 2246 445 Hic
2299 381 2560 466 Attalo,
2623 407 2751 469 quo

398 473 765 555 graviorem
800 472 1140 537 inimicum
1175 493 1311 535 non
1346 470 1575 553 habui,
1614 491 1902 535 sororem
1938 491 2124 535 suam
2159 469 2230 533 in
2265 472 2754 537 matrimonium

292 578 359 627 18
396 560 589 625 dedit.
682 560 832 642 Hic,
888 582 1036 625 eum
1082 560 1487 643 scripsissem
1534 560 1594 623 ei
1649 580 1769 642 pro
1825 559 1964 623 iure
2015 562 2152 621 tam
2207 559 2550 625 familiaris
2597 584 2752 626 usus

396 653 592 734 atque
630 649 981 733 amicitiae,
1018 648 1230 733 qualis
1262 668 1405 713 sors
1436 648 1610 713 edita
1653 652 1826 712 esset
1851 646 2026 713 Iovis
2055 646 2442 713 Hammonis
2471 650 2753 734 oracu10,

396 738 707 803 sustinuit
741 738 1099 804 rescribere
1138 738 1328 821 mihi,
1374 758 1443 802 se
1490 737 1750 820 quidem
1795 736 2146 819 gratulari,
2194 737 2366 821 quod
2413 738 2484 802 in
2529 761 2752 803 nume-

392 848 539 891 rum
584 827 853 891 deorum
896 831 1195 910 receptus
1244 848 1483 909 essem,
1534 828 1822 890 ceterum
1867 825 2162 890 misereri
2210 848 2458 909 eorum,
2515 828 2751 911 quibus

290 934 355 983 19
394 916 741 980 vivendum
787 920 962 981 esset
1006 915 1127 980 sub
1176 936 1279 998 eo,
1338 915 1452 999 qui
1497 914 1762 980 modum
1805 914 2088 979 hominis
2136 916 2487 981 excederet.
2560 916 2753 982 *Haec

395 1010 545 1069 sunt
592 1008 658 1069 et
700 1005 834 1069 iam
877 1004 1131 1089 pridem
1180 1004 1379 1069 animi
1427 1003 1692 1068 alienati
1739 1024 1778 1067 a
1823 1025 1926 1068 me
1973 1006 2040 1068 et
2092 1004 2446 1070 invidentis
2497 1004 2750 1089 gloriae

392 1114 576 1159 meae
612 1093 871 1158 indicia.
936 1092 1115 1167 Quae
1152 1093 1477 1177 equidem,
1516 1093 1787 1175 milites,
1828 1092 2136 1176 quamdiu
2175 1092 2387 1178 licuit,
2424 1094 2494 1158 in
2531 1094 2748 1159 animo

392 1204 538 1245 meo
600 1186 830 1265 pressi.
927 1181 1213 1247 Videbar
1276 1182 1449 1247 enim
1524 1181 1688 1245 mihi
1752 1186 2008 1264 partem
2071 1180 2392 1249 viscerum
2455 1204 2749 1249 meorum

394 1271 805 1355 abrumpere,
852 1272 936 1354 si,
994 1272 1065 1335 in
1113 1292 1275 1355 quos
1321 1274 1463 1335 tam
1508 1292 1747 1355 magna
1793 1271 2222 1355 contuleram,
2277 1272 2540 1336 viliores
2587 1273 2750 1337 mihi

288 1378 358 1427 2ο
393 1359 692 1425 facerem.
774 1358 899 1424 Sed
936 1360 1069 1423 iam
1106 1381 1239 1423 non
1281 1360 1484 1425 verba
1527 1359 1854 1443 punienda
1887 1365 2069 1425 sunt:
2117 1360 2380 1445 linguae
2415 1362 2748 1427 temeritas

1251 1446 1421 1534 HoS,
1486 1451 1543 1513 si
1597 1448 1760 1513 mihi
1815 1448 2100 1531 creditis,
2163 1446 2456 1514 Philotas
2519 1450 2587 1514 in
2643 1472 2748 1515 me

392 1538 590 1615 acuit,
644 1538 702 1603 si
745 1538 900 1622 ipsi,
947 1538 1093 1603 acui
1137 1538 1453 1621 permisit.
1543 1536 1686 1613 Quo
1735 1560 1840 1603 me
1884 1537 2238 1621 conferam,
2293 1538 2579 1603 milites?
2641 1540 2748 1603 oui

392 1630 587 1709 caput
668 1650 889 1693 meum
960 1626 1216 1691 credam
1232 1626 1267 1690 ‘?
1368 1626 1738 1712 Equitatui,
1812 1626 2100 1711 optimae
2167 1629 2482 1694 exercitus
2557 1629 2748 1712 parti,

390 1716 791 1799 prineipibus
844 1714 1295 1780 nobilissimae
1361 1716 1747 1799 iuventutis,
1810 1738 2012 1781 unum
2075 1717 2382 1801 praefeci:
2449 1717 2744 1799 salutem,

286 1824 353 1871 22
394 1825 601 1888 spem,
646 1805 989 1869 victoriam
1036 1826 1249 1869 meam
1294 1805 1445 1870 fidei
1492 1806 1632 1870 eius
1679 1805 2049 1889 tutelaeque
2097 1807 2410 1871 commisi.
2485 1806 2744 1870 Patrem

392 1894 459 1956 in
498 1893 669 1958 idem
717 1894 1085 1977 fastigium,
1132 1894 1199 1959 in
1236 1916 1363 1978 quo
1402 1916 1505 1958 me
1547 1893 1675 1978 ipsi
1720 1894 2062 1977 posuistiS,
2109 1895 2397 1960 admovi:
2445 1892 2746 1977 Mediam,

390 2003 517 2066 qua
572 1983 757 2047 nulla
811 1981 1182 2084 opulentior
1246 1984 1428 2068 regio
1498 1987 1625 2067 est,
1690 1990 1755 2047 et
1828 1987 1932 2048 tot
1997 1984 2232 2049 civium
2297 1984 2744 2068 sociorumque

388 2072 575 2135 milia
620 2071 901 2156 imperio
958 2072 1097 2135 eius
1152 2071 1519 2155 dicionique
1577 2072 1836 2137 subieci.
1937 2071 2122 2137 Unde
2185 2072 2586 2157 praesidium
2640 2094 2745 2155 pe-

282 2182 348 2229 23
387 2160 651 2242 tieram,
705 2160 1064 2243 periculum
1112 2159 1351 2224 extitit.
1444 2160 1648 2236 Quam
1706 2161 1987 2225 feliciter
2046 2162 2114 2225 in
2161 2162 2300 2226 acie
2345 2160 2742 2243 occidissem,

385 2249 605 2331 potius
662 2248 873 2313 hostis
927 2248 1195 2331 praeda,
1255 2269 1449 2331 quam
1496 2249 1658 2313 civis
1704 2249 1994 2313 victima!
2086 2248 2278 2315 Nune
2325 2254 2617 2315 servatus
2665 2272 2745 2313 ex

386 2337 717 2421 periculis,
783 2357 948 2421 quae
1005 2336 1145 2400 sola
1202 2336 1421 2421 timui,
1479 2337 1549 2401 in
1603 2335 1767 2401 haec
1819 2338 2041 2422 incidi,
2106 2360 2268 2422 quae
2322 2340 2550 2404 timere
2613 2360 2742 2404 non

280 2448 350 2497 24
388 2426 599 2490 debui.
674 2423 915 2490 Soletis
953 2423 1305 2488 identidem
1353 2447 1392 2488 a
1432 2447 1562 2509 me,
1608 2426 1877 2507 milites,
1922 2431 2168 2510 petere,
2205 2432 2281 2493 ut
2317 2429 2514 2494 saluti
2561 2450 2742 2493 meae

386 2535 670 2596 paream.
740 2513 879 2596 Ipsi
907 2512 1069 2577 mihi
1105 2516 1441 2594 praestare
1478 2515 1758 2598 potestis
1767 2564 1786 2597 ,
1821 2514 1996 2599 quod
2027 2515 2336 2598 suadetiS,
2373 2521 2450 2581 ut
2484 2518 2741 2582 faciam.

386 2601 487 2666 Ad
552 2605 805 2666 vestras
872 2623 1131 2684 manus,
1196 2601 1279 2666 ad
1340 2607 1557 2666 vestra
1621 2625 1804 2667 arma
1867 2603 2202 2689 confugio:
2265 2605 2490 2670 invitis
2556 2606 2742 2671 vobis

386 2691 605 2756 salvus
682 2712 821 2755 esse
898 2690 1079 2755 nolo:
1164 2689 1533 2756 volentibus

384 2883 486 2938 auf
535 2883 641 2937 den
698 2882 891 2939 Thron
940 2883 1155 2952 gehabt
1196 2883 1285 2938 als
1330 2883 1507 2952 Alex„

384 2955 484 3009 der
540 2955 695 3010 Sohn
757 2955 856 3009 des
916 2954 1197 3025 jungeren
1250 2953 1516 3010 Bruders..

380 3025 489 3080 Ein
553 3025 866 3095 CompIott,
939 3025 1039 3079 das
1102 3041 1165 3080 er
1234 3041 1507 3094 anspann,

380 3097 603 3152 kostete
636 3097 757 3150 ihm
784 3097 887 3150 das
911 3096 1120 3150 Leben.
1142 3126 1209 3135 —
1240 3095 1507 3164 AttaZO,

383 3169 437 3223 d.
496 3167 533 3220 i.
590 3167 719 3221 dem
774 3167 977 3223 Oheim
1037 3167 1138 3220 der
1190 3165 1507 3236 Cleopatra,

380 3236 489 3292 mit
523 3237 624 3292 der
651 3238 775 3292 sich
785 3237 1023 3319 Philipp
1043 3243 1145 3292 33¹7
1173 3237 1505 3306 vermahlte,

380 3308 573 3364 11111919
626 3325 689 3363 91·
744 3308 835 3363 die
880 3307 1044 3378 Olym
1047 3309 1169 3377 pias
1222 3308 1505 3362 verstiess.

379 3380 497 3436 Auf
530 3379 817 3434 Amtiften
850 3380 955 3434 der
988 3379 1281 3434 Letzteren
1313 3379 1505 3434 warde

381 3453 501 3506 Att.
546 3456 652 3506 336
700 3451 763 3504 in
811 3450 1161 3518 Kleinasien,
1210 3450 1403 3505 wohin
1446 3467 1509 3504 er

380 3521 489 3576 mit
520 3521 817 3576 Parmenio
863 3537 1335 3592 vorangegangen
1371 3537 1505 3588 war,

386 3594 683 3650 emordet.
856 3619 859 3622 ·

454 3671 538 3719 18.
594 3680 659 3718 se
712 3660 986 3733 quidem.
1403 3663 1504 3718 das

381 3735 607 3806 eigentl.
664 3752 789 3788 zum
839 3734 1089 3789 Verbum
1146 3735 1375 3804 gelmi-t,
1429 3735 1509 3789 ist

380 3821 511 3860 vom
577 3805 957 3861 Pronomen
1028 3807 1297 3860 attrahirt
1361 3821 1505 3860 wor-

382 3877 507 3933 den.
578 3877 655 3931 Es
702 3877 998 3946 geschieht
1033 3876 1152 3932 dies
1198 3877 1393 3946 haufig
1424 3876 1504 3931 im

379 3947 595 4004 Latein.
678 3948 805 4018 Vgl.
865 3967 909 4002 z.
958 3947 1019 4004 B.
1068 3954 1119 4002 8.
1166 3953 1249 4002 10.
1298 3953 1385 4001 29.
1435 3977 1503 3987 ——

378 4021 633 4075 modum
668 4019 988 4086 hominis,
1024 4035 1067 4075 s.
1106 4036 1174 4072 zu
1214 4024 1259 4073 1.
1303 4024 1383 4072 17.

454 4097 538 4144 19.
576 4091 816 4157 animi,
861 4091 963 4144 das
998 4089 1325 4159 regierende
1364 4089 1502 4144 Sub-

380 4161 591 4217 stantiv
627 4160 887 4216 ziemlich
922 4163 1053 4216 hart
1088 4158 1504 4230 eingeschoben

378 4230 440 4282 in
466 4231 567 4285 das
592 4231 855 4288 Attribut.
904 4232 1067 4289 Doeh
1092 4231 1237 4286 liebt
1257 4229 1316 4287 Ο.
1344 4231 1501 4286 diese

379 4299 806 4372 Wortstellung.
882 4303 939 4359 S.
984 4321 1031 4357 z.
1068 4302 1132 4358 B.
1180 4303 1325 4358 oben
1370 4307 1401 4368 ξ
1439 4306 1499 4370 83

1616 2713 1746 2756 non
1827 2714 2125 2779 possum,
2203 2694 2335 2760 nisi
2410 2693 2742 2804 vindicor',
2813 2707 2818 2712 '

1619 2889 1666 2939 1.
1709 2890 1802 2952 113
1841 2892 1890 2941 6.
1932 2892 1979 2940 9.
2021 2917 2089 2926 -—-
2123 2889 2354 2957 pressi
2396 2887 2502 2941 wie
2551 2903 2741 2941 ewram

1614 2957 1716 3010 sub
1771 2959 1930 3012 corde
1967 2974 2213 3026 premere
2267 2958 2358 3011 bei
2405 2957 2618 3027 Vergil.
2671 2987 2738 2998 —-

1614 3027 1900 3081 viliores
1925 3028 2090 3081 mihi
2123 3029 2434 3094 facerem,
2465 3044 2585 3081 vor
2611 3028 2742 3081 mir

1617 3097 1839 3151 selbst
1891 3096 2345 3151 herabsetzte.
2427 3097 2556 3165 Vgl.
2606 3098 2741 3153 haec

1614 3168 1835 3222 sordent
1881 3168 2045 3233 mihi,
2099 3167 2153 3220 d.
2199 3167 2236 3219 i.
2291 3167 2430 3220 mihi
2478 3168 2738 3221 videntum

1613 3239 1856 3293 sordida.

1685 3315 1772 3363 21.
1835 3310 1896 3364 si
1956 3308 2125 3377 ipsi,
2199 3311 2432 3376 erganze
2496 3307 2732 3363 crediti&

1613 3379 1778 3434 Nach
1805 3379 2146 3435 Alexanders
2179 3377 2448 3446 Meinung
2481 3376 2560 3432 ist
2585 3377 2733 3435 Phil.

1614 3451 1716 3505 der
1749 3450 2026 3506 Austifter
2059 3451 2159 3504 des
2192 3448 2510 3518 Anschlags
2551 3465 2738 3519 39399

1614 3520 1714 3576 des
1752 3522 1966 3591 Konigs
2002 3521 2218 3586 Leben·
2269 3537 2370 3576 aus
2414 3520 2571 3589 dem,
2617 3537 2737 3575 was

1611 3592 1772 3674 jener
1787 3592 1967 3647 selbot
1979 3591 2358 3661 zugestanden
2375 3591 2550 3659 hatte,
2566 3590 2735 3662 319113

1605 3661 1909 3732 Jedenfalls
1957 3663 2059 3718 das
2100 3664 2328 3731 hervet,
2375 3662 2506 3716 dass
2543 3679 2606 3717 er
2639 3680 2737 3717 um

1615 3733 1919 3789 denselben
1981 3737 2228 3803 gewasst
2279 3733 2394 3787 111111
2449 3733 2543 3788 die
2593 3737 2735 3787 Aus-

1614 3804 1862 3874 fuhrung
1905 3805 2004 3860 des
2039 3805 2243 3860 Planes
2284 3803 2450 3858 nicht
2493 3803 2732 3875 gebin-

1613 3875 1769 3930 dert
1803 3876 1980 3932 hatte.

1684 3953 1772 4004 22.
1809 3947 1948 4016 ipsi
1973 3947 2326 4016 posuistis.
2382 3945 2560 4001 Keine
2585 3946 2735 4000 leere

1612 4018 1822 4072 Phrase
1861 4035 1904 4074 s.
1937 4026 1987 4073 4.
2023 4025 2072 4074 7.
2105 4025 2193 4073 81.
2257 4017 2364 4072 Β19
2399 4016 2737 4086 Aenderung

1610 4090 1794 4158 ipsum
1829 4089 2049 4144 seheint
2081 4088 2377 4172 1111υὸ111113.

1681 4166 1768 4214 23.
1806 4175 1938 4213 non
1973 4161 2202 4226 debui,
2237 4159 2368 4213 weil
2395 4159 2487 4214 9111
2515 4158 2736 4214 solcher

1609 4230 1896 4285 Verdaoht
1914 4230 2000 4284 als
2027 4236 2219 4285 unwfi
2231 4229 2384 4298 11113
2409 4229 2735 4284 erncheinen

1609 4302 1836 4355 maeste.
