<?xml version="1.0" encoding="UTF-8"?>
<!DOCTYPE html PUBLIC "-//W3C//DTD XHTML 1.0 Transitional//EN"
    "http://www.w3.org/TR/xhtml1/DTD/xhtml1-transitional.dtd">
<html xmlns="http://www.w3.org/1999/xhtml" xml:lang="en" lang="en">
 <head>
  <title>
</title>
<meta http-equiv="Content-Type" content="text/html;charset=utf-8" />
  <meta name='ocr-system' content='tesseract 3.04.00' />
  <meta name='ocr-capabilities' content='ocr_page ocr_carea ocr_par ocr_line ocrx_word'/>
</head>
<body>
  <div class='ocr_page' id='page_1' title='image "./qcurtirufihisto00vogegoog_0144.png"; bbox 0 0 3069 4749; ppageno 0'>
   <div class='ocr_carea' id='block_1_1' title="bbox 430 158 1864 225">
    <p class='ocr_par' dir='ltr' id='par_1_1' title="bbox 430 158 1864 225">
     <span class='ocr_line' id='line_1_1' title="bbox 430 158 1864 225; baseline -0.006 -4"><span class='ocrx_word' id='word_1_1' title='bbox 430 158 559 224; x_wconf 87' lang='lat'><strong>134</strong></span> <span class='ocrx_word' id='word_1_2' title='bbox 1332 164 1394 225; x_wconf 82' lang='lat' dir='ltr'><strong>Q.</strong></span> <span class='ocrx_word' id='word_1_3' title='bbox 1434 161 1656 213; x_wconf 74' lang='lat' dir='ltr'><strong>cmm</strong></span> <span class='ocrx_word' id='word_1_4' title='bbox 1689 162 1864 215; x_wconf 73' lang='lat' dir='ltr'><strong>anm</strong></span> 
     </span>
    </p>
   </div>
   <div class='ocr_carea' id='block_1_2' title="bbox 278 319 2784 2195">
    <p class='ocr_par' dir='ltr' id='par_1_2' title="bbox 316 319 2784 585">
     <span class='ocr_line' id='line_1_2' title="bbox 316 319 2784 409; baseline 0 -22"><span class='ocrx_word' id='word_1_5' title='bbox 316 341 387 394; x_wconf 76' lang='lat'><strong>26</strong></span> <span class='ocrx_word' id='word_1_6' title='bbox 426 323 619 406; x_wconf 88' lang='lat' dir='ltr'><strong>atque</strong></span> <span class='ocrx_word' id='word_1_7' title='bbox 664 320 954 387; x_wconf 74' lang='lat' dir='ltr'><strong>hostium</strong></span> <span class='ocrx_word' id='word_1_8' title='bbox 1001 323 1336 407; x_wconf 82' lang='lat' dir='ltr'><strong>sanguine.</strong></span> <span class='ocrx_word' id='word_1_9' title='bbox 1428 319 1558 386; x_wconf 85' lang='lat' dir='ltr'><strong>Sed</strong></span> <span class='ocrx_word' id='word_1_10' title='bbox 1603 344 1750 393; x_wconf 90' lang='lat' dir='ltr'><strong>cum</strong></span> <span class='ocrx_word' id='word_1_11' title='bbox 1797 322 2081 407; x_wconf 89' lang='lat' dir='ltr'><strong>undique</strong></span> <span class='ocrx_word' id='word_1_12' title='bbox 2125 322 2276 387; x_wconf 90' lang='lat' dir='ltr'><strong>telis</strong></span> <span class='ocrx_word' id='word_1_13' title='bbox 2309 328 2647 409; x_wconf 76' lang='lat' dir='ltr'><strong>peteretur,</strong></span> <span class='ocrx_word' id='word_1_14' title='bbox 2691 328 2784 391; x_wconf 83' lang='lat' dir='ltr'><strong>ad</strong></span> 
     </span>
     <span class='ocr_line' id='line_1_3' title="bbox 416 410 2778 495; baseline 0.002 -21"><span class='ocrx_word' id='word_1_15' title='bbox 416 415 793 492; x_wconf 78' lang='lat' dir='ltr'><strong>postremam</strong></span> <span class='ocrx_word' id='word_1_16' title='bbox 836 410 1151 476; x_wconf 58' lang='lat' dir='ltr'><strong>exhaustis·</strong></span> <span class='ocrx_word' id='word_1_17' title='bbox 1194 410 1431 476; x_wconf 77' lang='lat' dir='ltr'><strong>viribus</strong></span> <span class='ocrx_word' id='word_1_18' title='bbox 1472 412 1652 477; x_wconf 79' lang='lat' dir='ltr'><strong><em>vivus</em></strong></span> <span class='ocrx_word' id='word_1_19' title='bbox 1687 413 1758 476; x_wconf 71' lang='lat' dir='ltr'><strong>in</strong></span> <span class='ocrx_word' id='word_1_20' title='bbox 1789 416 2150 495; x_wconf 75' lang='lat' dir='ltr'><strong>potestatem</strong></span> <span class='ocrx_word' id='word_1_21' title='bbox 2185 410 2454 476; x_wconf 81' lang='lat' dir='ltr'><strong>hostium</strong></span> <span class='ocrx_word' id='word_1_22' title='bbox 2475 416 2778 495; x_wconf 77' lang='lat' dir='ltr'><strong>pervenit.</strong></span> 
     </span>
     <span class='ocr_line' id='line_1_4' title="bbox 424 497 2776 585; baseline 0.003 -23"><span class='ocrx_word' id='word_1_23' title='bbox 424 497 565 574; x_wconf 84' lang='lat' dir='ltr'><strong>Quo</strong></span> <span class='ocrx_word' id='word_1_24' title='bbox 604 499 881 565; x_wconf 88' lang='lat' dir='ltr'><strong>adducto</strong></span> <span class='ocrx_word' id='word_1_25' title='bbox 918 499 1229 564; x_wconf 77' lang='lat' dir='ltr'><strong>insolenti</strong></span> <span class='ocrx_word' id='word_1_26' title='bbox 1268 500 1503 585; x_wconf 87' lang='lat' dir='ltr'><strong>gaudio</strong></span> <span class='ocrx_word' id='word_1_27' title='bbox 1533 500 1786 565; x_wconf 86' lang='lat' dir='ltr'><strong>iuvenis</strong></span> <span class='ocrx_word' id='word_1_28' title='bbox 1814 500 2045 583; x_wconf 75' lang='lat' dir='ltr'><strong>elatuS,</strong></span> <span class='ocrx_word' id='word_1_29' title='bbox 2083 500 2246 564; x_wconf 88' lang='lat' dir='ltr'><strong>alias</strong></span> <span class='ocrx_word' id='word_1_30' title='bbox 2282 500 2546 566; x_wconf 84' lang='lat' dir='ltr'><strong>virtutis</strong></span> <span class='ocrx_word' id='word_1_31' title='bbox 2574 504 2776 569; x_wconf 88' lang='lat' dir='ltr'><strong>etiam</strong></span> 
     </span>
    </p>

    <p class='ocr_par' dir='ltr' id='par_1_3' title="bbox 328 586 2776 766">
     <span class='ocr_line' id='line_1_5' title="bbox 328 586 2774 676; baseline 0.002 -25"><span class='ocrx_word' id='word_1_32' title='bbox 328 615 335 621; x_wconf 89' lang='lat'><strong>·</strong></span> <span class='ocrx_word' id='word_1_33' title='bbox 419 586 492 651; x_wconf 91' lang='lat' dir='ltr'><strong>in</strong></span> <span class='ocrx_word' id='word_1_34' title='bbox 530 586 717 653; x_wconf 87' lang='lat' dir='ltr'><strong>hoste</strong></span> <span class='ocrx_word' id='word_1_35' title='bbox 754 588 1048 671; x_wconf 86' lang='lat' dir='ltr'><strong>mirator,</strong></span> <span class='ocrx_word' id='word_1_36' title='bbox 1087 587 1279 671; x_wconf 78' lang='lat' dir='ltr'><strong>‘Non,</strong></span> <span class='ocrx_word' id='word_1_37' title='bbox 1315 592 1389 653; x_wconf 89' lang='lat' dir='ltr'><strong>ut</strong></span> <span class='ocrx_word' id='word_1_38' title='bbox 1424 589 1737 671; x_wconf 81' lang='lat' dir='ltr'><strong>voluisti&#39;‚</strong></span> <span class='ocrx_word' id='word_1_39' title='bbox 1773 588 2000 673; x_wconf 87' lang='lat' dir='ltr'><strong>inquit,</strong></span> <span class='ocrx_word' id='word_1_40' title='bbox 2037 588 2379 674; x_wconf 71' lang='lat' dir='ltr'><strong>‘morieris,</strong></span> <span class='ocrx_word' id='word_1_41' title='bbox 2425 590 2540 656; x_wconf 89' lang='lat' dir='ltr'><strong>sed</strong></span> <span class='ocrx_word' id='word_1_42' title='bbox 2592 592 2774 676; x_wconf 89' lang='lat' dir='ltr'><strong>quid-</strong></span> 
     </span>
     <span class='ocr_line' id='line_1_6' title="bbox 423 675 2776 766; baseline 0.003 -26"><span class='ocrx_word' id='word_1_43' title='bbox 423 675 580 759; x_wconf 88' lang='lat' dir='ltr'><strong>quid</strong></span> <span class='ocrx_word' id='word_1_44' title='bbox 633 676 701 739; x_wconf 89' lang='lat' dir='ltr'><strong>in</strong></span> <span class='ocrx_word' id='word_1_45' title='bbox 758 677 1087 760; x_wconf 84' lang='lat' dir='ltr'><strong>captivum</strong></span> <span class='ocrx_word' id='word_1_46' title='bbox 1141 678 1420 743; x_wconf 81' lang='lat' dir='ltr'><strong>inveniri</strong></span> <span class='ocrx_word' id='word_1_47' title='bbox 1472 681 1718 761; x_wconf 84' lang='lat' dir='ltr'><strong>potest,</strong></span> <span class='ocrx_word' id='word_1_48' title='bbox 1773 699 2119 763; x_wconf 85' lang='lat' dir='ltr'><strong>passurum</strong></span> <span class='ocrx_word' id='word_1_49' title='bbox 2187 698 2328 741; x_wconf 84' lang='lat' dir='ltr'><strong>esse</strong></span> <span class='ocrx_word' id='word_1_50' title='bbox 2390 682 2458 743; x_wconf 87' lang='lat' dir='ltr'><strong>te</strong></span> <span class='ocrx_word' id='word_1_51' title='bbox 2515 679 2776 766; x_wconf 83' lang='lat' dir='ltr'><strong>cogita’.</strong></span> 
     </span>
    </p>

    <p class='ocr_par' dir='ltr' id='par_1_4' title="bbox 314 764 2774 851">
     <span class='ocr_line' id='line_1_7' title="bbox 314 764 2774 851; baseline 0 -17"><span class='ocrx_word' id='word_1_52' title='bbox 314 783 384 835; x_wconf 77' lang='lat'><strong>2⁷</strong></span> <span class='ocrx_word' id='word_1_53' title='bbox 423 764 543 828; x_wconf 92' lang='lat' dir='ltr'><strong>Ille</strong></span> <span class='ocrx_word' id='word_1_54' title='bbox 588 786 723 830; x_wconf 92' lang='lat' dir='ltr'><strong>non</strong></span> <span class='ocrx_word' id='word_1_55' title='bbox 767 764 1067 831; x_wconf 87' lang='lat' dir='ltr'><strong>interrito</strong></span> <span class='ocrx_word' id='word_1_56' title='bbox 1112 766 1335 850; x_wconf 92' lang='lat' dir='ltr'><strong>modo,</strong></span> <span class='ocrx_word' id='word_1_57' title='bbox 1393 766 1507 831; x_wconf 84' lang='lat' dir='ltr'><strong>sed</strong></span> <span class='ocrx_word' id='word_1_58' title='bbox 1563 766 1925 832; x_wconf 71' lang='lat' dir='ltr'>contumaci</span> <span class='ocrx_word' id='word_1_59' title='bbox 1980 787 2237 851; x_wconf 87' lang='lat' dir='ltr'><strong>quoque</strong></span> <span class='ocrx_word' id='word_1_60' title='bbox 2281 766 2467 832; x_wconf 83' lang='lat' dir='ltr'><strong>vultu</strong></span> <span class='ocrx_word' id='word_1_61' title='bbox 2511 768 2774 834; x_wconf 84' lang='lat' dir='ltr'><strong>intuens</strong></span> 
     </span>
    </p>

    <p class='ocr_par' dir='ltr' id='par_1_5' title="bbox 314 853 2774 1117">
     <span class='ocr_line' id='line_1_8' title="bbox 314 853 2774 938; baseline -0 -15"><span class='ocrx_word' id='word_1_62' title='bbox 314 873 386 925; x_wconf 77' lang='lat'><strong>28</strong></span> <span class='ocrx_word' id='word_1_63' title='bbox 424 873 644 938; x_wconf 87' lang='lat' dir='ltr'><strong>regem</strong></span> <span class='ocrx_word' id='word_1_64' title='bbox 680 853 929 919; x_wconf 89' lang='lat' dir='ltr'><strong>nullam</strong></span> <span class='ocrx_word' id='word_1_65' title='bbox 976 853 1058 919; x_wconf 87' lang='lat' dir='ltr'><strong>ad</strong></span> <span class='ocrx_word' id='word_1_66' title='bbox 1103 856 1317 920; x_wconf 87' lang='lat' dir='ltr'><strong>minas</strong></span> <span class='ocrx_word' id='word_1_67' title='bbox 1364 856 1501 919; x_wconf 89' lang='lat' dir='ltr'><strong>eius</strong></span> <span class='ocrx_word' id='word_1_68' title='bbox 1549 855 1829 920; x_wconf 74' lang='lat' dir='ltr'><strong>reddidit</strong></span> <span class='ocrx_word' id='word_1_69' title='bbox 1868 876 2113 920; x_wconf 84' lang='lat' dir='ltr'><strong>vocem.</strong></span> <span class='ocrx_word' id='word_1_70' title='bbox 2184 854 2352 919; x_wconf 82' lang='lat' dir='ltr'><strong>Tum</strong></span> <span class='ocrx_word' id='word_1_71' title='bbox 2388 856 2774 937; x_wconf 76' lang='lat' dir='ltr'><strong>Alexander,</strong></span> 
     </span>
     <span class='ocr_line' id='line_1_9' title="bbox 422 941 2770 1028; baseline 0.001 -21"><span class='ocrx_word' id='word_1_72' title='bbox 422 941 787 1007; x_wconf 71' lang='lat' dir='ltr'><strong>‘Videtisne</strong></span> <span class='ocrx_word' id='word_1_73' title='bbox 844 942 1245 1009; x_wconf 84' lang='lat' dir='ltr'><strong>obstinatum</strong></span> <span class='ocrx_word' id='word_1_74' title='bbox 1300 944 1381 1007; x_wconf 88' lang='lat' dir='ltr'><strong>ad</strong></span> <span class='ocrx_word' id='word_1_75' title='bbox 1436 942 1864 1009; x_wconf 70' lang='lat' dir='ltr'><strong>tacendumP&#39;</strong></span> <span class='ocrx_word' id='word_1_76' title='bbox 1921 943 2163 1027; x_wconf 87' lang='lat' dir='ltr'><strong>inquit,</strong></span> <span class='ocrx_word' id='word_1_77' title='bbox 2217 942 2396 1008; x_wconf 71' lang='lat' dir='ltr'><strong>‘num</strong></span> <span class='ocrx_word' id='word_1_78' title='bbox 2445 964 2614 1028; x_wconf 88' lang='lat' dir='ltr'><strong>genu</strong></span> <span class='ocrx_word' id='word_1_79' title='bbox 2659 968 2770 1028; x_wconf 92' lang='lat' dir='ltr'><strong>po-</strong></span> 
     </span>
     <span class='ocr_line' id='line_1_10' title="bbox 426 1030 2772 1117; baseline 0.001 -22"><span class='ocrx_word' id='word_1_80' title='bbox 426 1032 601 1096; x_wconf 81' lang='lat' dir='ltr'><strong>suit?</strong></span> <span class='ocrx_word' id='word_1_81' title='bbox 666 1052 822 1096; x_wconf 92' lang='lat' dir='ltr'><strong>num</strong></span> <span class='ocrx_word' id='word_1_82' title='bbox 881 1052 1105 1098; x_wconf 85' lang='lat' dir='ltr'><strong>vocem</strong></span> <span class='ocrx_word' id='word_1_83' title='bbox 1152 1031 1510 1117; x_wconf 77' lang='lat' dir='ltr'><strong>supplicem</strong></span> <span class='ocrx_word' id='word_1_84' title='bbox 1555 1032 1786 1098; x_wconf 77' lang='lat' dir='ltr'><strong>misit?</strong></span> <span class='ocrx_word' id='word_1_85' title='bbox 1850 1030 2130 1097; x_wconf 88' lang='lat' dir='ltr'><strong>Vincam</strong></span> <span class='ocrx_word' id='word_1_86' title='bbox 2174 1034 2394 1097; x_wconf 89' lang='lat' dir='ltr'><strong>tamen</strong></span> <span class='ocrx_word' id='word_1_87' title='bbox 2441 1033 2772 1098; x_wconf 84' lang='lat' dir='ltr'><strong>silentium</strong></span> 
     </span>
    </p>

    <p class='ocr_par' dir='ltr' id='par_1_6' title="bbox 316 1118 2774 1560">
     <span class='ocr_line' id='line_1_11' title="bbox 316 1118 2774 1206; baseline -0.001 -17"><span class='ocrx_word' id='word_1_88' title='bbox 316 1140 385 1189; x_wconf 82' lang='lat'><strong>29</strong></span> <span class='ocrx_word' id='word_1_89' title='bbox 426 1122 492 1185; x_wconf 87' lang='lat' dir='ltr'><strong>et</strong></span> <span class='ocrx_word' id='word_1_90' title='bbox 539 1120 592 1183; x_wconf 85' lang='lat' dir='ltr'><strong>si</strong></span> <span class='ocrx_word' id='word_1_91' title='bbox 639 1119 803 1185; x_wconf 81' lang='lat' dir='ltr'><strong>nihil</strong></span> <span class='ocrx_word' id='word_1_92' title='bbox 851 1120 1046 1204; x_wconf 88' lang='lat' dir='ltr'><strong>aliud,</strong></span> <span class='ocrx_word' id='word_1_93' title='bbox 1093 1125 1264 1187; x_wconf 86' lang='lat' dir='ltr'><strong>certe</strong></span> <span class='ocrx_word' id='word_1_94' title='bbox 1310 1121 1557 1206; x_wconf 86' lang='lat' dir='ltr'><strong>gemitu</strong></span> <span class='ocrx_word' id='word_1_95' title='bbox 1600 1118 2074 1205; x_wconf 70' lang='lat' dir='ltr'><strong>interpellabo?</strong></span> <span class='ocrx_word' id='word_1_96' title='bbox 2147 1119 2257 1184; x_wconf 91' lang='lat' dir='ltr'><strong>Ira</strong></span> <span class='ocrx_word' id='word_1_97' title='bbox 2303 1120 2529 1185; x_wconf 90' lang='lat' dir='ltr'><strong>deinde</strong></span> <span class='ocrx_word' id='word_1_98' title='bbox 2574 1123 2774 1187; x_wconf 85' lang='lat' dir='ltr'><strong>vertit</strong></span> 
     </span>
     <span class='ocr_line' id='line_1_12' title="bbox 422 1208 2772 1297; baseline 0.002 -25"><span class='ocrx_word' id='word_1_99' title='bbox 422 1208 492 1273; x_wconf 90' lang='lat' dir='ltr'><strong>in</strong></span> <span class='ocrx_word' id='word_1_100' title='bbox 537 1208 782 1273; x_wconf 79' lang='lat' dir='ltr'><strong>rabiem</strong></span> <span class='ocrx_word' id='word_1_101' title='bbox 847 1210 982 1273; x_wconf 87' lang='lat' dir='ltr'><strong>iam</strong></span> <span class='ocrx_word' id='word_1_102' title='bbox 1036 1211 1177 1274; x_wconf 90' lang='lat' dir='ltr'><strong>tum</strong></span> <span class='ocrx_word' id='word_1_103' title='bbox 1231 1210 1609 1297; x_wconf 83' lang='lat' dir='ltr'><strong>peregrinos</strong></span> <span class='ocrx_word' id='word_1_104' title='bbox 1665 1210 1833 1274; x_wconf 87' lang='lat' dir='ltr'><strong>ritus</strong></span> <span class='ocrx_word' id='word_1_105' title='bbox 1888 1230 2061 1274; x_wconf 84' lang='lat' dir='ltr'><strong>nova</strong></span> <span class='ocrx_word' id='word_1_106' title='bbox 2118 1209 2433 1274; x_wconf 86' lang='lat' dir='ltr'><strong>subeunte</strong></span> <span class='ocrx_word' id='word_1_107' title='bbox 2488 1210 2772 1277; x_wconf 88' lang='lat' dir='ltr'><strong>fortuna.</strong></span> 
     </span>
     <span class='ocr_line' id='line_1_13' title="bbox 419 1295 2773 1383; baseline 0.002 -23"><span class='ocrx_word' id='word_1_108' title='bbox 419 1295 545 1361; x_wconf 90' lang='lat' dir='ltr'><strong>Per</strong></span> <span class='ocrx_word' id='word_1_109' title='bbox 598 1296 773 1362; x_wconf 87' lang='lat' dir='ltr'><strong>talos</strong></span> <span class='ocrx_word' id='word_1_110' title='bbox 830 1298 1003 1363; x_wconf 91' lang='lat' dir='ltr'><strong>enim</strong></span> <span class='ocrx_word' id='word_1_111' title='bbox 1059 1298 1369 1382; x_wconf 86' lang='lat' dir='ltr'><strong>spirantis</strong></span> <span class='ocrx_word' id='word_1_112' title='bbox 1428 1299 1571 1364; x_wconf 85' lang='lat' dir='ltr'><strong>lora</strong></span> <span class='ocrx_word' id='word_1_113' title='bbox 1631 1299 1904 1364; x_wconf 88' lang='lat' dir='ltr'><strong>traiecta</strong></span> <span class='ocrx_word' id='word_1_114' title='bbox 1957 1300 2113 1361; x_wconf 91' lang='lat' dir='ltr'><strong>sunt</strong></span> <span class='ocrx_word' id='word_1_115' title='bbox 2165 1297 2642 1383; x_wconf 70' lang='lat' dir='ltr'><strong>religatumque</strong></span> <span class='ocrx_word' id='word_1_116' title='bbox 2688 1300 2773 1364; x_wconf 87' lang='lat' dir='ltr'><strong>ad</strong></span> 
     </span>
     <span class='ocr_line' id='line_1_14' title="bbox 421 1385 2772 1473; baseline 0.001 -22"><span class='ocrx_word' id='word_1_117' title='bbox 421 1407 683 1452; x_wconf 92' lang='lat' dir='ltr'><strong>currum</strong></span> <span class='ocrx_word' id='word_1_118' title='bbox 724 1391 981 1451; x_wconf 76' lang='lat' dir='ltr'><strong>traxere</strong></span> <span class='ocrx_word' id='word_1_119' title='bbox 1029 1387 1201 1452; x_wconf 88' lang='lat' dir='ltr'><strong>circa</strong></span> <span class='ocrx_word' id='word_1_120' title='bbox 1256 1388 1484 1452; x_wconf 88' lang='lat' dir='ltr'><strong>urbem</strong></span> <span class='ocrx_word' id='word_1_121' title='bbox 1540 1387 1690 1471; x_wconf 90' lang='lat' dir='ltr'><strong>equi</strong></span> <span class='ocrx_word' id='word_1_122' title='bbox 1745 1388 2070 1473; x_wconf 76' lang='lat' dir='ltr'><strong>gloriante</strong></span> <span class='ocrx_word' id='word_1_123' title='bbox 2123 1406 2306 1470; x_wconf 87' lang='lat' dir='ltr'><strong>rege,</strong></span> <span class='ocrx_word' id='word_1_124' title='bbox 2352 1385 2684 1472; x_wconf 84' lang='lat' dir='ltr'><strong>Achillen,</strong></span> <span class='ocrx_word' id='word_1_125' title='bbox 2731 1410 2772 1453; x_wconf 89' lang='lat' dir='ltr'><strong>a</strong></span> 
     </span>
     <span class='ocr_line' id='line_1_15' title="bbox 421 1475 2769 1560; baseline 0.001 -21"><span class='ocrx_word' id='word_1_126' title='bbox 421 1496 546 1559; x_wconf 89' lang='lat' dir='ltr'><strong>quo</strong></span> <span class='ocrx_word' id='word_1_127' title='bbox 594 1495 798 1560; x_wconf 88' lang='lat' dir='ltr'><strong>genus</strong></span> <span class='ocrx_word' id='word_1_128' title='bbox 844 1476 985 1559; x_wconf 87' lang='lat' dir='ltr'><strong>ipse</strong></span> <span class='ocrx_word' id='word_1_129' title='bbox 1032 1475 1398 1560; x_wconf 82' lang='lat' dir='ltr'><strong>deduceret,</strong></span> <span class='ocrx_word' id='word_1_130' title='bbox 1452 1475 1784 1540; x_wconf 86' lang='lat' dir='ltr'><strong>imitatum</strong></span> <span class='ocrx_word' id='word_1_131' title='bbox 1831 1496 1899 1540; x_wconf 90' lang='lat' dir='ltr'><strong>se</strong></span> <span class='ocrx_word' id='word_1_132' title='bbox 1955 1496 2096 1539; x_wconf 77' lang='lat' dir='ltr'><strong>esse</strong></span> <span class='ocrx_word' id='word_1_133' title='bbox 2140 1496 2352 1559; x_wconf 88' lang='lat' dir='ltr'><strong>poena</strong></span> <span class='ocrx_word' id='word_1_134' title='bbox 2393 1476 2465 1539; x_wconf 90' lang='lat' dir='ltr'><strong>in</strong></span> <span class='ocrx_word' id='word_1_135' title='bbox 2510 1476 2769 1541; x_wconf 75' lang='lat' dir='ltr'><strong>hostem</strong></span> 
     </span>
    </p>

    <p class='ocr_par' dir='ltr' id='par_1_7' title="bbox 313 1562 2770 1916">
     <span class='ocr_line' id='line_1_16' title="bbox 313 1562 2769 1650; baseline -0.002 -16"><span class='ocrx_word' id='word_1_136' title='bbox 313 1584 384 1633; x_wconf 85' lang='lat'><strong>30</strong></span> <span class='ocrx_word' id='word_1_137' title='bbox 420 1563 748 1646; x_wconf 86' lang='lat' dir='ltr'><strong>capienda.</strong></span> <span class='ocrx_word' id='word_1_138' title='bbox 840 1562 1141 1630; x_wconf 82' lang='lat' dir='ltr'><strong>Cecidere</strong></span> <span class='ocrx_word' id='word_1_139' title='bbox 1187 1564 1532 1629; x_wconf 82' lang='lat' dir='ltr'><strong>Persarum</strong></span> <span class='ocrx_word' id='word_1_140' title='bbox 1578 1562 2002 1650; x_wconf 82' lang='lat' dir='ltr'><strong>Arabumque</strong></span> <span class='ocrx_word' id='word_1_141' title='bbox 2057 1564 2228 1629; x_wconf 86' lang='lat' dir='ltr'><strong>cirea</strong></span> <span class='ocrx_word' id='word_1_142' title='bbox 2280 1581 2330 1628; x_wconf 85' lang='lat' dir='ltr'><strong>x</strong></span> <span class='ocrx_word' id='word_1_143' title='bbox 2381 1562 2589 1629; x_wconf 87' lang='lat' dir='ltr'><strong>milia:</strong></span> <span class='ocrx_word' id='word_1_144' title='bbox 2643 1586 2769 1630; x_wconf 90' lang='lat' dir='ltr'><strong>nec</strong></span> 
     </span>
     <span class='ocr_line' id='line_1_17' title="bbox 419 1650 2770 1719; baseline 0.001 -3"><span class='ocrx_word' id='word_1_145' title='bbox 419 1650 882 1717; x_wconf 83' lang='lat' dir='ltr'><strong>Macedonibus</strong></span> <span class='ocrx_word' id='word_1_146' title='bbox 935 1654 1272 1718; x_wconf 88' lang='lat' dir='ltr'><strong>incruenta</strong></span> <span class='ocrx_word' id='word_1_147' title='bbox 1325 1652 1602 1719; x_wconf 85' lang='lat' dir='ltr'><strong>victoria</strong></span> <span class='ocrx_word' id='word_1_148' title='bbox 1644 1652 1789 1718; x_wconf 81' lang='lat' dir='ltr'><strong>fuit.</strong></span> <span class='ocrx_word' id='word_1_149' title='bbox 1882 1651 2150 1717; x_wconf 87' lang='lat' dir='ltr'><strong>Obsidio</strong></span> <span class='ocrx_word' id='word_1_150' title='bbox 2209 1655 2382 1717; x_wconf 89' lang='lat' dir='ltr'><strong>certe</strong></span> <span class='ocrx_word' id='word_1_151' title='bbox 2436 1673 2570 1717; x_wconf 89' lang='lat' dir='ltr'><strong>non</strong></span> <span class='ocrx_word' id='word_1_152' title='bbox 2627 1655 2770 1718; x_wconf 89' lang='lat' dir='ltr'><strong>tam</strong></span> 
     </span>
     <span class='ocr_line' id='line_1_18' title="bbox 421 1740 2768 1827; baseline 0 -21"><span class='ocrx_word' id='word_1_153' title='bbox 421 1740 717 1806; x_wconf 85' lang='lat' dir='ltr'><strong>claritate</strong></span> <span class='ocrx_word' id='word_1_154' title='bbox 771 1741 953 1809; x_wconf 85' lang='lat' dir='ltr'><strong>urbis</strong></span> <span class='ocrx_word' id='word_1_155' title='bbox 1007 1742 1357 1807; x_wconf 83' lang='lat' dir='ltr'><strong>nobilitata</strong></span> <span class='ocrx_word' id='word_1_156' title='bbox 1410 1745 1538 1827; x_wconf 86' lang='lat' dir='ltr'><strong>est,</strong></span> <span class='ocrx_word' id='word_1_157' title='bbox 1593 1764 1790 1827; x_wconf 87' lang='lat' dir='ltr'><strong>quam</strong></span> <span class='ocrx_word' id='word_1_158' title='bbox 1845 1740 2175 1827; x_wconf 84' lang='lat' dir='ltr'><strong>geminato</strong></span> <span class='ocrx_word' id='word_1_159' title='bbox 2231 1741 2516 1826; x_wconf 90' lang='lat' dir='ltr'><strong>periculo</strong></span> <span class='ocrx_word' id='word_1_160' title='bbox 2573 1742 2768 1827; x_wconf 86' lang='lat' dir='ltr'><strong>regis.</strong></span> 
     </span>
     <span class='ocr_line' id='line_1_19' title="bbox 420 1828 2769 1916; baseline 0 -22"><span class='ocrx_word' id='word_1_161' title='bbox 420 1828 545 1905; x_wconf 84' lang='lat' dir='ltr'><strong>Qui</strong></span> <span class='ocrx_word' id='word_1_162' title='bbox 590 1829 967 1916; x_wconf 86' lang='lat' dir='ltr'><strong>Aegyptum</strong></span> <span class='ocrx_word' id='word_1_163' title='bbox 1013 1830 1189 1895; x_wconf 89' lang='lat' dir='ltr'><strong>adire</strong></span> <span class='ocrx_word' id='word_1_164' title='bbox 1233 1830 1550 1895; x_wconf 84' lang='lat' dir='ltr'><strong>festinans</strong></span> <span class='ocrx_word' id='word_1_165' title='bbox 1596 1833 1934 1914; x_wconf 82' lang='lat' dir='ltr'><strong>Amyntan</strong></span> <span class='ocrx_word' id='word_1_166' title='bbox 1988 1852 2134 1895; x_wconf 88' lang='lat' dir='ltr'><strong>cum</strong></span> <span class='ocrx_word' id='word_1_167' title='bbox 2177 1848 2228 1895; x_wconf 83' lang='lat' dir='ltr'><strong>x</strong></span> <span class='ocrx_word' id='word_1_168' title='bbox 2277 1830 2652 1895; x_wconf 83' lang='lat' dir='ltr'><strong>triremibus</strong></span> <span class='ocrx_word' id='word_1_169' title='bbox 2696 1830 2769 1895; x_wconf 87' lang='lat' dir='ltr'><strong>in</strong></span> 
     </span>
    </p>

    <p class='ocr_par' dir='ltr' id='par_1_8' title="bbox 312 1916 2768 2094">
     <span class='ocr_line' id='line_1_20' title="bbox 312 1916 2768 2004; baseline -0.001 -18"><span class='ocrx_word' id='word_1_170' title='bbox 312 1939 378 1994; x_wconf 73' lang='lat'><strong>81</strong></span> <span class='ocrx_word' id='word_1_171' title='bbox 419 1916 861 1985; x_wconf 90' lang='lat' dir='ltr'><strong>Macedoniam</strong></span> <span class='ocrx_word' id='word_1_172' title='bbox 908 1919 990 1985; x_wconf 87' lang='lat' dir='ltr'><strong>ad</strong></span> <span class='ocrx_word' id='word_1_173' title='bbox 1034 1919 1525 2004; x_wconf 88' lang='lat' dir='ltr'><strong>inquisitionem</strong></span> <span class='ocrx_word' id='word_1_174' title='bbox 1571 1941 1889 1985; x_wconf 82' lang='lat' dir='ltr'><strong>novorum</strong></span> <span class='ocrx_word' id='word_1_175' title='bbox 1936 1919 2220 1983; x_wconf 88' lang='lat' dir='ltr'><strong>militum</strong></span> <span class='ocrx_word' id='word_1_176' title='bbox 2274 1919 2474 1984; x_wconf 88' lang='lat' dir='ltr'><strong>misit.</strong></span> <span class='ocrx_word' id='word_1_177' title='bbox 2565 1918 2631 1986; x_wconf 90' lang='lat' dir='ltr'>N</span> <span class='ocrx_word' id='word_1_178' title='bbox 2633 1941 2768 1984; x_wconf 89' lang='lat' dir='ltr'><strong>am·</strong></span> 
     </span>
     <span class='ocr_line' id='line_1_21' title="bbox 420 2007 2766 2094; baseline -0 -20"><span class='ocrx_word' id='word_1_179' title='bbox 420 2029 544 2092; x_wconf 91' lang='lat' dir='ltr'><strong>que</strong></span> <span class='ocrx_word' id='word_1_180' title='bbox 593 2008 791 2073; x_wconf 89' lang='lat' dir='ltr'><strong>etiam</strong></span> <span class='ocrx_word' id='word_1_181' title='bbox 838 2008 1133 2074; x_wconf 77' lang='lat' dir='ltr'><strong>secundis</strong></span> <span class='ocrx_word' id='word_1_182' title='bbox 1182 2010 1633 2073; x_wconf 86' lang='lat' dir='ltr'><strong>atterebantur</strong></span> <span class='ocrx_word' id='word_1_183' title='bbox 1675 2012 1898 2073; x_wconf 88' lang='lat' dir='ltr'><strong>tamen</strong></span> <span class='ocrx_word' id='word_1_184' title='bbox 1944 2008 2198 2091; x_wconf 89' lang='lat' dir='ltr'><strong>copiae,</strong></span> <span class='ocrx_word' id='word_1_185' title='bbox 2243 2007 2766 2094; x_wconf 85' lang='lat' dir='ltr'><strong>devictarumque</strong></span> 
     </span>
    </p>

    <p class='ocr_par' dir='ltr' id='par_1_9' title="bbox 278 2095 2540 2195">
     <span class='ocr_line' id='line_1_22' title="bbox 278 2095 2540 2195; baseline -0.004 -29"><span class='ocrx_word' id='word_1_186' title='bbox 278 2108 356 2195; x_wconf 71' lang='grc' dir='ltr'>μ</span> <span class='ocrx_word' id='word_1_187' title='bbox 420 2098 711 2180; x_wconf 86' lang='lat' dir='ltr'><strong>gentium</strong></span> <span class='ocrx_word' id='word_1_188' title='bbox 756 2098 953 2162; x_wconf 90' lang='lat' dir='ltr'><strong>militi</strong></span> <span class='ocrx_word' id='word_1_189' title='bbox 998 2098 1209 2163; x_wconf 89' lang='lat' dir='ltr'><strong>minor</strong></span> <span class='ocrx_word' id='word_1_190' title='bbox 1254 2119 1449 2182; x_wconf 88' lang='lat' dir='ltr'><strong>quam</strong></span> <span class='ocrx_word' id='word_1_191' title='bbox 1497 2096 1851 2163; x_wconf 88' lang='lat' dir='ltr'><strong>domestico</strong></span> <span class='ocrx_word' id='word_1_192' title='bbox 1896 2096 2056 2161; x_wconf 77' lang='lat' dir='ltr'><strong>fides</strong></span> <span class='ocrx_word' id='word_1_193' title='bbox 2102 2095 2540 2185; x_wconf 40' lang='lat' dir='ltr'><strong>habebaturQ</strong></span> 
     </span>
    </p>
   </div>
   <div class='ocr_carea' id='block_1_3' title="bbox 1425 2324 1774 2394">
    <p class='ocr_par' dir='ltr' id='par_1_10' title="bbox 1425 2324 1774 2394">
     <span class='ocr_line' id='line_1_23' title="bbox 1425 2324 1774 2394; baseline -0.006 0"><span class='ocrx_word' id='word_1_194' title='bbox 1425 2325 1585 2394; x_wconf 62' lang='lat'>011³.</span> <span class='ocrx_word' id='word_1_195' title='bbox 1631 2324 1774 2392; x_wconf 91' lang='lat' dir='ltr'><strong>VII.</strong></span> 
     </span>
    </p>
   </div>
   <div class='ocr_carea' id='block_1_4' title="bbox 352 2449 2877 2716">
    <p class='ocr_par' dir='ltr' id='par_1_11' title="bbox 352 2449 2877 2716">
     <span class='ocr_line' id='line_1_24' title="bbox 352 2449 2877 2537; baseline 0 -16"><span class='ocrx_word' id='word_1_196' title='bbox 352 2472 381 2521; x_wconf 91' lang='lat'>1</span> <span class='ocrx_word' id='word_1_197' title='bbox 596 2449 937 2536; x_wconf 85' lang='lat' dir='ltr'><strong>Aegyptii,</strong></span> <span class='ocrx_word' id='word_1_198' title='bbox 982 2451 1138 2515; x_wconf 88' lang='lat' dir='ltr'><strong>olim</strong></span> <span class='ocrx_word' id='word_1_199' title='bbox 1183 2451 1531 2518; x_wconf 87' lang='lat' dir='ltr'><strong>Persarum</strong></span> <span class='ocrx_word' id='word_1_200' title='bbox 1577 2450 1810 2535; x_wconf 90' lang='lat' dir='ltr'><strong>opibus</strong></span> <span class='ocrx_word' id='word_1_201' title='bbox 1855 2450 2121 2534; x_wconf 86' lang='lat' dir='ltr'><strong>infensi,</strong></span> <span class='ocrx_word' id='word_1_202' title='bbox 2179 2452 2418 2537; x_wconf 87' lang='lat' dir='ltr'><strong>quippe</strong></span> <span class='ocrx_word' id='word_1_203' title='bbox 2467 2473 2658 2516; x_wconf 81' lang='lat' dir='ltr'><strong>avare</strong></span> <span class='ocrx_word' id='word_1_204' title='bbox 2705 2455 2772 2516; x_wconf 91' lang='lat' dir='ltr'><strong>et</strong></span> <span class='ocrx_word' id='word_1_205' title='bbox 2789 2455 2877 2520; x_wconf 81' lang='lat'><strong>29</strong></span> 
     </span>
     <span class='ocr_line' id='line_1_25' title="bbox 420 2539 2770 2626; baseline 0 -21"><span class='ocrx_word' id='word_1_206' title='bbox 420 2540 696 2625; x_wconf 87' lang='lat' dir='ltr'><strong>superbe</strong></span> <span class='ocrx_word' id='word_1_207' title='bbox 751 2539 1195 2623; x_wconf 86' lang='lat' dir='ltr'><strong>imperitatum</strong></span> <span class='ocrx_word' id='word_1_208' title='bbox 1252 2542 1377 2607; x_wconf 87' lang='lat' dir='ltr'><strong>sibi</strong></span> <span class='ocrx_word' id='word_1_209' title='bbox 1436 2563 1577 2606; x_wconf 89' lang='lat' dir='ltr'><strong>esse</strong></span> <span class='ocrx_word' id='word_1_210' title='bbox 1631 2540 2012 2623; x_wconf 87' lang='lat' dir='ltr'><strong>credebant,</strong></span> <span class='ocrx_word' id='word_1_211' title='bbox 2079 2540 2160 2606; x_wconf 90' lang='lat' dir='ltr'><strong>ad</strong></span> <span class='ocrx_word' id='word_1_212' title='bbox 2215 2561 2398 2626; x_wconf 90' lang='lat' dir='ltr'><strong>spem</strong></span> <span class='ocrx_word' id='word_1_213' title='bbox 2453 2540 2770 2605; x_wconf 84' lang='lat' dir='ltr'><strong>adventus</strong></span> 
     </span>
     <span class='ocr_line' id='line_1_26' title="bbox 422 2628 2770 2716; baseline -0 -22"><span class='ocrx_word' id='word_1_214' title='bbox 422 2629 561 2694; x_wconf 87' lang='lat' dir='ltr'><strong>eius</strong></span> <span class='ocrx_word' id='word_1_215' title='bbox 598 2632 935 2694; x_wconf 85' lang='lat' dir='ltr'><strong>erexerant</strong></span> <span class='ocrx_word' id='word_1_216' title='bbox 973 2629 1243 2710; x_wconf 77' lang='lat' dir='ltr'><strong>animOS,</strong></span> <span class='ocrx_word' id='word_1_217' title='bbox 1270 2632 1498 2716; x_wconf 89' lang='lat' dir='ltr'><strong>utpote</strong></span> <span class='ocrx_word' id='word_1_218' title='bbox 1537 2628 1650 2714; x_wconf 91' lang='lat' dir='ltr'><strong>qui</strong></span> <span class='ocrx_word' id='word_1_219' title='bbox 1677 2628 2038 2714; x_wconf 83' lang='lat' dir='ltr'><strong>Amyntam</strong></span> <span class='ocrx_word' id='word_1_220' title='bbox 2076 2650 2332 2716; x_wconf 88' lang='lat' dir='ltr'><strong>quoque</strong></span> <span class='ocrx_word' id='word_1_221' title='bbox 2358 2629 2770 2712; x_wconf 85' lang='lat' dir='ltr'><strong>transfugam</strong></span> 
     </span>
    </p>
   </div>
   <div class='ocr_carea' id='block_1_5' title="bbox 415 2839 1544 4387">
    <p class='ocr_par' dir='ltr' id='par_1_12' title="bbox 416 2839 1544 3619">
     <span class='ocr_line' id='line_1_27' title="bbox 490 2839 1539 2906; baseline 0.001 -10"><span class='ocrx_word' id='word_1_222' title='bbox 490 2847 577 2896; x_wconf 77' lang='lat'><strong>26.</strong></span> <span class='ocrx_word' id='word_1_223' title='bbox 607 2841 815 2906; x_wconf 78' lang='lat' dir='ltr'><strong>aliae,</strong></span> <span class='ocrx_word' id='word_1_224' title='bbox 842 2839 990 2896; x_wconf 84' lang='lat' dir='ltr'><strong>hier:</strong></span> <span class='ocrx_word' id='word_1_225' title='bbox 1022 2840 1242 2895; x_wconf 81' lang='lat' dir='ltr'><strong>‘sonat</strong></span> <span class='ocrx_word' id='word_1_226' title='bbox 1268 2841 1539 2897; x_wconf 88' lang='lat' dir='ltr'><strong>immer’.</strong></span> 
     </span>
     <span class='ocr_line' id='line_1_28' title="bbox 419 2911 1540 2981; baseline -0.003 -14"><span class='ocrx_word' id='word_1_227' title='bbox 419 2941 488 2955; x_wconf 93' lang='lat'><strong>—-</strong></span> <span class='ocrx_word' id='word_1_228' title='bbox 525 2914 842 2978; x_wconf 78' lang='lat' dir='ltr'><strong>mirator,</strong></span> <span class='ocrx_word' id='word_1_229' title='bbox 884 2911 1032 2981; x_wconf 86' lang='lat' dir='ltr'><strong>poet.</strong></span> <span class='ocrx_word' id='word_1_230' title='bbox 1071 2929 1123 2964; x_wconf 88' lang='lat' dir='ltr'><strong>u.</strong></span> <span class='ocrx_word' id='word_1_231' title='bbox 1161 2911 1279 2965; x_wconf 85' lang='lat' dir='ltr'><strong>nkl.</strong></span> <span class='ocrx_word' id='word_1_232' title='bbox 1315 2911 1408 2973; x_wconf 79' lang='lat' dir='ltr'><strong>ffir</strong></span> <span class='ocrx_word' id='word_1_233' title='bbox 1443 2911 1540 2965; x_wconf 76' lang='lat' dir='ltr'><strong>ad-</strong></span> 
     </span>
     <span class='ocr_line' id='line_1_29' title="bbox 416 2981 1541 3039; baseline -0.005 -1"><span class='ocrx_word' id='word_1_234' title='bbox 416 2984 667 3039; x_wconf 81' lang='lat' dir='ltr'><strong>mirator.</strong></span> <span class='ocrx_word' id='word_1_235' title='bbox 708 3011 774 3023; x_wconf 82' lang='lat'><em>-</em></span> <span class='ocrx_word' id='word_1_236' title='bbox 820 2982 1127 3037; x_wconf 78' lang='lat' dir='ltr'><strong>inveniri</strong></span> <span class='ocrx_word' id='word_1_237' title='bbox 1173 2981 1541 3035; x_wconf 75' lang='lat' dir='ltr'><strong>‘ersonnen</strong></span> 
     </span>
     <span class='ocr_line' id='line_1_30' title="bbox 418 3048 1539 3123; baseline -0.007 -12"><span class='ocrx_word' id='word_1_238' title='bbox 418 3054 751 3122; x_wconf 69' lang='lat' dir='ltr'><strong>werden’3</strong></span> <span class='ocrx_word' id='word_1_239' title='bbox 791 3055 1021 3123; x_wconf 71' lang='lat' dir='ltr'><strong>eoyita</strong></span> <span class='ocrx_word' id='word_1_240' title='bbox 1058 3050 1247 3106; x_wconf 82' lang='lat' dir='ltr'><strong>‘wisse</strong></span> <span class='ocrx_word' id='word_1_241' title='bbox 1293 3051 1407 3104; x_wconf 88' lang='lat' dir='ltr'><strong>und</strong></span> <span class='ocrx_word' id='word_1_242' title='bbox 1441 3048 1539 3103; x_wconf 88' lang='lat' dir='ltr'><strong>be-</strong></span> 
     </span>
     <span class='ocr_line' id='line_1_31' title="bbox 420 3119 1542 3180; baseline -0.002 -2"><span class='ocrx_word' id='word_1_243' title='bbox 420 3124 604 3178; x_wconf 86' lang='lat' dir='ltr'><strong>denke</strong></span> <span class='ocrx_word' id='word_1_244' title='bbox 640 3123 737 3178; x_wconf 90' lang='lat' dir='ltr'><strong>bei</strong></span> <span class='ocrx_word' id='word_1_245' title='bbox 772 3124 994 3180; x_wconf 88' lang='lat' dir='ltr'><strong>deinem</strong></span> <span class='ocrx_word' id='word_1_246' title='bbox 1019 3121 1372 3176; x_wconf 88' lang='lat' dir='ltr'><strong>Verhalten&#39;.</strong></span> <span class='ocrx_word' id='word_1_247' title='bbox 1426 3119 1542 3176; x_wconf 82' lang='lat' dir='ltr'><strong>Das</strong></span> 
     </span>
     <span class='ocr_line' id='line_1_32' title="bbox 418 3191 1544 3262; baseline -0.004 -12"><span class='ocrx_word' id='word_1_248' title='bbox 418 3195 883 3262; x_wconf 82' lang='lat' dir='ltr'><strong>vorausgehende</strong></span> <span class='ocrx_word' id='word_1_249' title='bbox 900 3200 965 3248; x_wconf 82' lang='lat' dir='ltr'><strong>at</strong></span> <span class='ocrx_word' id='word_1_250' title='bbox 980 3194 1205 3249; x_wconf 79' lang='lat' dir='ltr'><strong>voluisti</strong></span> <span class='ocrx_word' id='word_1_251' title='bbox 1222 3193 1375 3246; x_wconf 85' lang='lat' dir='ltr'><strong>kann</strong></span> <span class='ocrx_word' id='word_1_252' title='bbox 1395 3191 1544 3246; x_wconf 89' lang='lat' dir='ltr'><strong>doch</strong></span> 
     </span>
     <span class='ocr_line' id='line_1_33' title="bbox 418 3262 1542 3321; baseline -0.005 0"><span class='ocrx_word' id='word_1_253' title='bbox 418 3282 527 3321; x_wconf 84' lang='lat' dir='ltr'><strong>nur</strong></span> <span class='ocrx_word' id='word_1_254' title='bbox 569 3264 810 3320; x_wconf 81' lang='lat' dir='ltr'><strong>heissen:</strong></span> <span class='ocrx_word' id='word_1_255' title='bbox 859 3265 965 3319; x_wconf 84' lang='lat' dir='ltr'><strong>wie</strong></span> <span class='ocrx_word' id='word_1_256' title='bbox 1012 3265 1088 3317; x_wconf 87' lang='lat' dir='ltr'><strong>du</strong></span> <span class='ocrx_word' id='word_1_257' title='bbox 1142 3264 1230 3317; x_wconf 87' lang='lat' dir='ltr'><strong>dir</strong></span> <span class='ocrx_word' id='word_1_258' title='bbox 1282 3278 1343 3316; x_wconf 86' lang='lat' dir='ltr'><strong>es</strong></span> <span class='ocrx_word' id='word_1_259' title='bbox 1390 3262 1542 3316; x_wconf 86' lang='lat' dir='ltr'><strong>wohl</strong></span> 
     </span>
     <span class='ocr_line' id='line_1_34' title="bbox 420 3333 1541 3406; baseline -0.001 -17"><span class='ocrx_word' id='word_1_260' title='bbox 420 3334 663 3406; x_wconf 78' lang='lat' dir='ltr'><strong>(fru’her)</strong></span> <span class='ocrx_word' id='word_1_261' title='bbox 684 3336 1012 3404; x_wconf 77' lang='lat' dir='ltr'><strong>gewfinscht</strong></span> <span class='ocrx_word' id='word_1_262' title='bbox 1029 3335 1173 3388; x_wconf 82' lang='lat' dir='ltr'><strong>hast.</strong></span> <span class='ocrx_word' id='word_1_263' title='bbox 1206 3334 1347 3387; x_wconf 89' lang='lat' dir='ltr'><strong>Dem</strong></span> <span class='ocrx_word' id='word_1_264' title='bbox 1366 3333 1541 3388; x_wconf 87' lang='lat' dir='ltr'><strong>leich—</strong></span> 
     </span>
     <span class='ocr_line' id='line_1_35' title="bbox 420 3402 1543 3464; baseline -0.003 -3"><span class='ocrx_word' id='word_1_265' title='bbox 420 3405 671 3464; x_wconf 66' lang='lat' dir='ltr'><strong>teunnd</strong></span> <span class='ocrx_word' id='word_1_266' title='bbox 698 3405 1060 3460; x_wconf 78' lang='lat' dir='ltr'><strong>ehrenvollen</strong></span> <span class='ocrx_word' id='word_1_267' title='bbox 1086 3403 1240 3458; x_wconf 86' lang='lat' dir='ltr'><strong>Tode</strong></span> <span class='ocrx_word' id='word_1_268' title='bbox 1271 3402 1412 3458; x_wconf 79' lang='lat' dir='ltr'><strong>wird</strong></span> <span class='ocrx_word' id='word_1_269' title='bbox 1439 3404 1543 3459; x_wconf 85' lang='lat' dir='ltr'><strong>der</strong></span> 
     </span>
     <span class='ocr_line' id='line_1_36' title="bbox 420 3474 1540 3545; baseline 0 -15"><span class='ocrx_word' id='word_1_270' title='bbox 420 3475 779 3532; x_wconf 83' lang='lat' dir='ltr'><strong>martervolle</strong></span> <span class='ocrx_word' id='word_1_271' title='bbox 823 3476 939 3530; x_wconf 87' lang='lat' dir='ltr'><strong>und</strong></span> <span class='ocrx_word' id='word_1_272' title='bbox 986 3474 1368 3545; x_wconf 87' lang='lat' dir='ltr'><strong>sehimpfliche</strong></span> <span class='ocrx_word' id='word_1_273' title='bbox 1420 3477 1540 3530; x_wconf 89' lang='lat' dir='ltr'><strong>ent·</strong></span> 
     </span>
     <span class='ocr_line' id='line_1_37' title="bbox 420 3547 837 3619; baseline -0.002 -18"><span class='ocrx_word' id='word_1_274' title='bbox 420 3547 837 3619; x_wconf 85' lang='lat' dir='ltr'><strong>gegengesetzt.</strong></span> 
     </span>
    </p>

    <p class='ocr_par' dir='ltr' id='par_1_13' title="bbox 415 3615 1543 4030">
     <span class='ocr_line' id='line_1_38' title="bbox 488 3615 1543 3689; baseline -0.003 -16"><span class='ocrx_word' id='word_1_275' title='bbox 488 3623 576 3674; x_wconf 78' lang='lat'><strong>28.</strong></span> <span class='ocrx_word' id='word_1_276' title='bbox 613 3634 785 3689; x_wconf 75' lang='lat' dir='ltr'><strong>qenu</strong></span> <span class='ocrx_word' id='word_1_277' title='bbox 813 3617 1049 3687; x_wconf 78' lang='lat' dir='ltr'><strong>posuit</strong></span> <span class='ocrx_word' id='word_1_278' title='bbox 1075 3615 1165 3671; x_wconf 73' lang='lat' dir='ltr'><strong>ffir</strong></span> <span class='ocrx_word' id='word_1_279' title='bbox 1188 3619 1362 3688; x_wconf 66' lang='lat' dir='ltr'><strong>flexit,</strong></span> <span class='ocrx_word' id='word_1_280' title='bbox 1389 3616 1543 3673; x_wconf 84' lang='lat' dir='ltr'><strong>wohl</strong></span> 
     </span>
     <span class='ocr_line' id='line_1_39' title="bbox 418 3686 1538 3760; baseline -0.003 -14"><span class='ocrx_word' id='word_1_281' title='bbox 418 3707 527 3746; x_wconf 88' lang='lat' dir='ltr'><strong>nur</strong></span> <span class='ocrx_word' id='word_1_282' title='bbox 560 3686 843 3760; x_wconf 76' lang='lat' dir='ltr'><strong>poetisch3</strong></span> <span class='ocrx_word' id='word_1_283' title='bbox 894 3689 1153 3759; x_wconf 83' lang='lat' dir='ltr'><strong>dagegen</strong></span> <span class='ocrx_word' id='word_1_284' title='bbox 1195 3706 1373 3745; x_wconf 84' lang='lat' dir='ltr'><strong>vocem</strong></span> <span class='ocrx_word' id='word_1_285' title='bbox 1408 3705 1538 3758; x_wconf 78' lang='lat' dir='ltr'><strong>sap-</strong></span> 
     </span>
     <span class='ocr_line' id='line_1_40' title="bbox 415 3760 1534 3832; baseline -0.001 -15"><span class='ocrx_word' id='word_1_286' title='bbox 415 3763 613 3832; x_wconf 78' lang='lat' dir='ltr'><strong>plicem</strong></span> <span class='ocrx_word' id='word_1_287' title='bbox 648 3761 855 3815; x_wconf 81' lang='lat' dir='ltr'><strong>mittere</strong></span> <span class='ocrx_word' id='word_1_288' title='bbox 890 3762 1035 3814; x_wconf 86' lang='lat' dir='ltr'><strong>auch</strong></span> <span class='ocrx_word' id='word_1_289' title='bbox 1071 3760 1193 3816; x_wconf 83' lang='lat' dir='ltr'><strong>Liv.</strong></span> <span class='ocrx_word' id='word_1_290' title='bbox 1232 3766 1422 3816; x_wconf 82' lang='lat'>30.12.</span> <span class='ocrx_word' id='word_1_291' title='bbox 1453 3766 1534 3816; x_wconf 82' lang='grc'><strong>12.</strong></span> 
     </span>
     <span class='ocr_line' id='line_1_41' title="bbox 417 3830 1538 3901; baseline -0.004 -10"><span class='ocrx_word' id='word_1_292' title='bbox 417 3863 491 3892; x_wconf 84' lang='grc'><strong>·,-</strong></span> <span class='ocrx_word' id='word_1_293' title='bbox 533 3834 595 3888; x_wconf 75' lang='lat' dir='ltr'><strong>si</strong></span> <span class='ocrx_word' id='word_1_294' title='bbox 636 3830 818 3886; x_wconf 77' lang='lat' dir='ltr'><strong>nihil</strong></span> <span class='ocrx_word' id='word_1_295' title='bbox 864 3831 1087 3900; x_wconf 78' lang='lat' dir='ltr'><strong>aliad;</strong></span> <span class='ocrx_word' id='word_1_296' title='bbox 1133 3837 1393 3901; x_wconf 69' lang='lat' dir='ltr'><strong>erganze:</strong></span> <span class='ocrx_word' id='word_1_297' title='bbox 1450 3831 1538 3896; x_wconf 77' lang='lat' dir='ltr'><strong>fa-</strong></span> 
     </span>
     <span class='ocr_line' id='line_1_42' title="bbox 420 3901 1537 3972; baseline -0.003 -13"><span class='ocrx_word' id='word_1_298' title='bbox 420 3906 579 3962; x_wconf 77' lang='lat' dir='ltr'><strong>ciam.</strong></span> <span class='ocrx_word' id='word_1_299' title='bbox 618 3901 694 3958; x_wconf 92' lang='lat' dir='ltr'><strong>So</strong></span> <span class='ocrx_word' id='word_1_300' title='bbox 721 3901 883 3956; x_wconf 87' lang='lat' dir='ltr'><strong>nicht</strong></span> <span class='ocrx_word' id='word_1_301' title='bbox 908 3902 1113 3968; x_wconf 80' lang='lat' dir='ltr'><strong>selten3</strong></span> <span class='ocrx_word' id='word_1_302' title='bbox 1142 3903 1255 3971; x_wconf 84' lang='lat' dir='ltr'><strong>vgl.</strong></span> <span class='ocrx_word' id='word_1_303' title='bbox 1279 3901 1333 3956; x_wconf 78' lang='grc' dir='ltr'><strong>εἰ</strong></span> <span class='ocrx_word' id='word_1_304' title='bbox 1356 3901 1537 3972; x_wconf 74' lang='grc' dir='ltr'><strong><em>μηδὲν</em></strong></span> 
     </span>
     <span class='ocr_line' id='line_1_43' title="bbox 419 3971 571 4030; baseline 0 -1"><span class='ocrx_word' id='word_1_305' title='bbox 419 3971 571 4030; x_wconf 76' lang='grc' dir='ltr'><strong>ἄλλο.</strong></span> 
     </span>
    </p>

    <p class='ocr_par' dir='ltr' id='par_1_14' title="bbox 420 4043 1542 4387">
     <span class='ocr_line' id='line_1_44' title="bbox 492 4043 1537 4114; baseline 0 -14"><span class='ocrx_word' id='word_1_306' title='bbox 492 4043 1115 4114; x_wconf 80' lang='lat' dir='ltr'><strong>29.vertit,‘schlug</strong></span> <span class='ocrx_word' id='word_1_307' title='bbox 1142 4044 1289 4111; x_wconf 89' lang='lat' dir='ltr'><strong>um&#39;,</strong></span> <span class='ocrx_word' id='word_1_308' title='bbox 1306 4043 1473 4100; x_wconf 81' lang='lat' dir='ltr'><strong>wie7.</strong></span> <span class='ocrx_word' id='word_1_309' title='bbox 1490 4051 1537 4100; x_wconf 86' lang='lat'><strong>1.</strong></span> 
     </span>
     <span class='ocr_line' id='line_1_45' title="bbox 424 4115 1540 4186; baseline 0.003 -18"><span class='ocrx_word' id='word_1_310' title='bbox 424 4121 472 4183; x_wconf 92' lang='lat'><strong>1,</strong></span> <span class='ocrx_word' id='word_1_311' title='bbox 510 4115 701 4186; x_wconf 86' lang='lat' dir='ltr'><strong>passiv</strong></span> <span class='ocrx_word' id='word_1_312' title='bbox 739 4122 787 4171; x_wconf 81' lang='lat'><strong>5.</strong></span> <span class='ocrx_word' id='word_1_313' title='bbox 818 4122 869 4172; x_wconf 85' lang='grc'><strong>3.</strong></span> <span class='ocrx_word' id='word_1_314' title='bbox 898 4122 993 4181; x_wconf 81' lang='grc' dir='ltr'><strong>2ος</strong></span> <span class='ocrx_word' id='word_1_315' title='bbox 1032 4115 1225 4170; x_wconf 88' lang='lat' dir='ltr'><strong>beides</strong></span> <span class='ocrx_word' id='word_1_316' title='bbox 1264 4116 1409 4170; x_wconf 85' lang='lat' dir='ltr'><strong>auch</strong></span> <span class='ocrx_word' id='word_1_317' title='bbox 1443 4116 1540 4171; x_wconf 90' lang='lat' dir='ltr'><strong>bei</strong></span> 
     </span>
     <span class='ocr_line' id='line_1_46' title="bbox 421 4183 1542 4243; baseline -0.001 -1"><span class='ocrx_word' id='word_1_318' title='bbox 421 4183 542 4242; x_wconf 81' lang='lat' dir='ltr'><strong>Liv.</strong></span> <span class='ocrx_word' id='word_1_319' title='bbox 583 4218 647 4226; x_wconf 96' lang='lat'>—</span> <span class='ocrx_word' id='word_1_320' title='bbox 686 4188 1008 4243; x_wconf 76' lang='lat' dir='ltr'><strong>subeunte</strong></span> <span class='ocrx_word' id='word_1_321' title='bbox 1042 4185 1150 4242; x_wconf 79' lang='lat' dir='ltr'><strong>wie</strong></span> <span class='ocrx_word' id='word_1_322' title='bbox 1188 4192 1238 4242; x_wconf 94' lang='grc'><strong>6.</strong></span> <span class='ocrx_word' id='word_1_323' title='bbox 1277 4193 1326 4242; x_wconf 90' lang='grc'><strong>6.</strong></span> <span class='ocrx_word' id='word_1_324' title='bbox 1357 4191 1390 4241; x_wconf 81' lang='lat'><strong>5</strong></span> <span class='ocrx_word' id='word_1_325' title='bbox 1426 4203 1542 4241; x_wconf 90' lang='lat' dir='ltr'><strong>mo-</strong></span> 
     </span>
     <span class='ocr_line' id='line_1_47' title="bbox 420 4257 1541 4329; baseline 0.007 -22"><span class='ocrx_word' id='word_1_326' title='bbox 420 4271 507 4308; x_wconf 78' lang='lat' dir='ltr'><strong>res</strong></span> <span class='ocrx_word' id='word_1_327' title='bbox 541 4257 817 4313; x_wconf 78' lang='lat' dir='ltr'><strong>induerat.</strong></span> <span class='ocrx_word' id='word_1_328' title='bbox 864 4259 979 4314; x_wconf 86' lang='lat' dir='ltr'><strong>Das</strong></span> <span class='ocrx_word' id='word_1_329' title='bbox 1006 4258 1271 4329; x_wconf 77' lang='lat' dir='ltr'><strong>folgende</strong></span> <span class='ocrx_word' id='word_1_330' title='bbox 1307 4259 1541 4325; x_wconf 80' lang='lat' dir='ltr'><strong>fortuna</strong></span> 
     </span>
     <span class='ocr_line' id='line_1_48' title="bbox 423 4322 1540 4387; baseline 0.009 -12"><span class='ocrx_word' id='word_1_331' title='bbox 423 4322 708 4382; x_wconf 73' lang='lat' dir='ltr'><strong>fiber-setae</strong></span> <span class='ocrx_word' id='word_1_332' title='bbox 736 4327 865 4385; x_wconf 80' lang='lat' dir='ltr'><strong>frei:</strong></span> <span class='ocrx_word' id='word_1_333' title='bbox 906 4329 1051 4386; x_wconf 73' lang='lat' dir='ltr'><strong>‘sein</strong></span> <span class='ocrx_word' id='word_1_334' title='bbox 1078 4348 1208 4387; x_wconf 86' lang='lat' dir='ltr'><strong>vom</strong></span> <span class='ocrx_word' id='word_1_335' title='bbox 1235 4328 1417 4386; x_wconf 79' lang='lat' dir='ltr'><strong>Gh&#39;ick</strong></span> <span class='ocrx_word' id='word_1_336' title='bbox 1444 4330 1540 4385; x_wconf 91' lang='lat' dir='ltr'><strong>be·</strong></span> 
     </span>
    </p>
   </div>
   <div class='ocr_carea' id='block_1_6' title="bbox 1643 2836 2772 3826">
    <p class='ocr_par' dir='ltr' id='par_1_15' title="bbox 1643 2836 2772 3826">
     <span class='ocr_line' id='line_1_49' title="bbox 1647 2836 2770 2895; baseline -0.003 0"><span class='ocrx_word' id='word_1_337' title='bbox 1647 2841 1940 2895; x_wconf 84' lang='lat' dir='ltr'><strong>rauschter</strong></span> <span class='ocrx_word' id='word_1_338' title='bbox 1977 2839 2161 2895; x_wconf 85' lang='lat' dir='ltr'><strong>Sinn’.</strong></span> <span class='ocrx_word' id='word_1_339' title='bbox 2191 2871 2259 2880; x_wconf 90' lang='lat'>—</span> <span class='ocrx_word' id='word_1_340' title='bbox 2287 2839 2620 2895; x_wconf 77' lang='lat' dir='ltr'><strong>Achillen.</strong></span> <span class='ocrx_word' id='word_1_341' title='bbox 2664 2836 2770 2892; x_wconf 91' lang='lat' dir='ltr'><strong>Die</strong></span> 
     </span>
     <span class='ocr_line' id='line_1_50' title="bbox 1648 2910 2771 2992; baseline 0.001 -30"><span class='ocrx_word' id='word_1_342' title='bbox 1648 2910 1864 2966; x_wconf 82' lang='lat' dir='ltr'><strong>Mutter</strong></span> <span class='ocrx_word' id='word_1_343' title='bbox 1900 2911 2057 2966; x_wconf 88' lang='lat' dir='ltr'><strong>Alex.</strong></span> <span class='ocrx_word' id='word_1_344' title='bbox 2071 2951 2086 2979; x_wconf 88' lang='lat'><strong>,</strong></span> <span class='ocrx_word' id='word_1_345' title='bbox 2138 2910 2455 2992; x_wconf 79' lang='lat' dir='ltr'><strong>Olympias,</strong></span> <span class='ocrx_word' id='word_1_346' title='bbox 2505 2910 2771 2965; x_wconf 86' lang='lat' dir='ltr'><strong>stammte</strong></span> 
     </span>
     <span class='ocr_line' id='line_1_51' title="bbox 1649 2979 2771 3050; baseline 0.001 -18"><span class='ocrx_word' id='word_1_347' title='bbox 1649 2995 1750 3032; x_wconf 88' lang='lat' dir='ltr'><strong>ans</strong></span> <span class='ocrx_word' id='word_1_348' title='bbox 1805 2981 1935 3034; x_wconf 87' lang='lat' dir='ltr'><strong>dem</strong></span> <span class='ocrx_word' id='word_1_349' title='bbox 1997 2981 2406 3036; x_wconf 76' lang='lat' dir='ltr'><strong>molosslschen</strong></span> <span class='ocrx_word' id='word_1_350' title='bbox 2460 2979 2771 3050; x_wconf 68' lang='lat' dir='ltr'><strong>Konigsge-</strong></span> 
     </span>
     <span class='ocr_line' id='line_1_52' title="bbox 1650 3049 2770 3117; baseline 0 -15"><span class='ocrx_word' id='word_1_351' title='bbox 1650 3049 1955 3117; x_wconf 87' lang='lat' dir='ltr'><strong>schlechte,</strong></span> <span class='ocrx_word' id='word_1_352' title='bbox 1986 3050 2088 3104; x_wconf 86' lang='lat' dir='ltr'><strong>das</strong></span> <span class='ocrx_word' id='word_1_353' title='bbox 2119 3051 2240 3106; x_wconf 87' lang='lat' dir='ltr'><strong>sich</strong></span> <span class='ocrx_word' id='word_1_354' title='bbox 2260 3051 2359 3105; x_wconf 88' lang='lat' dir='ltr'><strong>der</strong></span> <span class='ocrx_word' id='word_1_355' title='bbox 2374 3050 2631 3104; x_wconf 86' lang='lat' dir='ltr'><strong>Abkunft</strong></span> <span class='ocrx_word' id='word_1_356' title='bbox 2657 3065 2770 3103; x_wconf 81' lang='lat' dir='ltr'><strong>von</strong></span> 
     </span>
     <span class='ocr_line' id='line_1_53' title="bbox 1647 3117 2768 3188; baseline -0.002 -16"><span class='ocrx_word' id='word_1_357' title='bbox 1647 3117 2056 3186; x_wconf 83' lang='lat' dir='ltr'><strong>Neoptolemus</strong></span> <span class='ocrx_word' id='word_1_358' title='bbox 2074 3121 2316 3174; x_wconf 77' lang='lat' dir='ltr'><strong>rfihmte.</strong></span> <span class='ocrx_word' id='word_1_359' title='bbox 2335 3150 2408 3160; x_wconf 91' lang='lat'><strong>--</strong></span> <span class='ocrx_word' id='word_1_360' title='bbox 2426 3135 2648 3188; x_wconf 75' lang='lat' dir='ltr'><strong>poena</strong></span> <span class='ocrx_word' id='word_1_361' title='bbox 2656 3138 2678 3183; x_wconf 92' lang='lat'><em>;</em></span> <span class='ocrx_word' id='word_1_362' title='bbox 2705 3134 2768 3186; x_wconf 76' lang='lat' dir='ltr'><strong>p.</strong></span> 
     </span>
     <span class='ocr_line' id='line_1_54' title="bbox 1650 3188 2766 3258; baseline -0.004 -13"><span class='ocrx_word' id='word_1_363' title='bbox 1650 3205 1840 3258; x_wconf 77' lang='lat' dir='ltr'><strong>capere</strong></span> <span class='ocrx_word' id='word_1_364' title='bbox 1865 3191 1930 3244; x_wconf 80' lang='lat' dir='ltr'><strong>in</strong></span> <span class='ocrx_word' id='word_1_365' title='bbox 1957 3190 2194 3258; x_wconf 75' lang='lat' dir='ltr'><strong>aliquem</strong></span> <span class='ocrx_word' id='word_1_366' title='bbox 2220 3189 2336 3244; x_wconf 89' lang='lat' dir='ltr'><strong>nkl.</strong></span> <span class='ocrx_word' id='word_1_367' title='bbox 2353 3191 2444 3243; x_wconf 70' lang='lat' dir='ltr'><strong>fiir</strong></span> <span class='ocrx_word' id='word_1_368' title='bbox 2472 3189 2537 3243; x_wconf 84' lang='lat' dir='ltr'><strong>de</strong></span> <span class='ocrx_word' id='word_1_369' title='bbox 2563 3188 2766 3257; x_wconf 65' lang='lat' dir='ltr'><strong>aliquo.</strong></span> 
     </span>
     <span class='ocr_line' id='line_1_55' title="bbox 1721 3260 2770 3331; baseline -0.002 -17"><span class='ocrx_word' id='word_1_370' title='bbox 1721 3265 1806 3315; x_wconf 82' lang='lat'><strong>30.</strong></span> <span class='ocrx_word' id='word_1_371' title='bbox 1847 3263 2188 3331; x_wconf 76' lang='lat' dir='ltr'><strong>Amyntan</strong></span> <span class='ocrx_word' id='word_1_372' title='bbox 2224 3278 2266 3315; x_wconf 83' lang='lat' dir='ltr'><strong>e.</strong></span> <span class='ocrx_word' id='word_1_373' title='bbox 2297 3265 2345 3315; x_wconf 81' lang='lat'><strong>5.</strong></span> <span class='ocrx_word' id='word_1_374' title='bbox 2380 3265 2426 3316; x_wconf 89' lang='lat'><strong>1.</strong></span> <span class='ocrx_word' id='word_1_375' title='bbox 2457 3265 2632 3315; x_wconf 87' lang='lat'><strong>40.-</strong></span> <span class='ocrx_word' id='word_1_376' title='bbox 2660 3260 2770 3314; x_wconf 76' lang='lat' dir='ltr'><strong>in-</strong></span> 
     </span>
     <span class='ocr_line' id='line_1_56' title="bbox 1648 3328 2772 3402; baseline -0.001 -16"><span class='ocrx_word' id='word_1_377' title='bbox 1648 3333 2115 3402; x_wconf 71' lang='lat' dir='ltr'><strong>quisitionem,</strong></span> <span class='ocrx_word' id='word_1_378' title='bbox 2159 3331 2219 3385; x_wconf 91' lang='lat' dir='ltr'><strong>in</strong></span> <span class='ocrx_word' id='word_1_379' title='bbox 2263 3330 2363 3387; x_wconf 89' lang='lat' dir='ltr'><strong>der</strong></span> <span class='ocrx_word' id='word_1_380' title='bbox 2407 3328 2772 3388; x_wconf 80' lang='lat' dir='ltr'><strong>bestimmten</strong></span> 
     </span>
     <span class='ocr_line' id='line_1_57' title="bbox 1649 3402 2772 3473; baseline -0.002 -15"><span class='ocrx_word' id='word_1_381' title='bbox 1649 3403 1984 3473; x_wconf 87' lang='lat' dir='ltr'><strong>Bedeutung</strong></span> <span class='ocrx_word' id='word_1_382' title='bbox 2013 3402 2403 3472; x_wconf 83' lang='lat' dir='ltr'><strong>‘Aushebung’</strong></span> <span class='ocrx_word' id='word_1_383' title='bbox 2437 3402 2772 3460; x_wconf 79' lang='lat' dir='ltr'><strong>schwerlieh</strong></span> 
     </span>
     <span class='ocr_line' id='line_1_58' title="bbox 1649 3474 2771 3546; baseline -0.004 -15"><span class='ocrx_word' id='word_1_384' title='bbox 1649 3475 1993 3531; x_wconf 66' lang='lat' dir='ltr'><strong>anderwarts</strong></span> <span class='ocrx_word' id='word_1_385' title='bbox 2049 3475 2487 3546; x_wconf 82' lang='lat' dir='ltr'><strong>nachzuweisen.</strong></span> <span class='ocrx_word' id='word_1_386' title='bbox 2563 3474 2771 3530; x_wconf 85' lang='lat' dir='ltr'><strong>Wahr-</strong></span> 
     </span>
     <span class='ocr_line' id='line_1_59' title="bbox 1650 3544 2768 3616; baseline -0.002 -14"><span class='ocrx_word' id='word_1_387' title='bbox 1650 3545 1956 3602; x_wconf 84' lang='lat' dir='ltr'><strong>seheinlich</strong></span> <span class='ocrx_word' id='word_1_388' title='bbox 1985 3546 2088 3600; x_wconf 85' lang='lat' dir='ltr'><strong>hat</strong></span> <span class='ocrx_word' id='word_1_389' title='bbox 2114 3544 2172 3600; x_wconf 88' lang='lat' dir='ltr'><strong>C.</strong></span> <span class='ocrx_word' id='word_1_390' title='bbox 2193 3546 2645 3616; x_wconf 74' lang='lat' dir='ltr'><strong>conquisitionem</strong></span> <span class='ocrx_word' id='word_1_391' title='bbox 2672 3561 2768 3615; x_wconf 84' lang='lat' dir='ltr'><strong>ge·</strong></span> 
     </span>
     <span class='ocr_line' id='line_1_60' title="bbox 1651 3615 2768 3686; baseline -0.003 -14"><span class='ocrx_word' id='word_1_392' title='bbox 1651 3616 1944 3672; x_wconf 83' lang='lat' dir='ltr'><strong>schrieben</strong></span> <span class='ocrx_word' id='word_1_393' title='bbox 1980 3632 2094 3670; x_wconf 85' lang='lat' dir='ltr'><strong>was</strong></span> <span class='ocrx_word' id='word_1_394' title='bbox 2131 3617 2173 3671; x_wconf 93' lang='lat' dir='ltr'><strong>t.</strong></span> <span class='ocrx_word' id='word_1_395' title='bbox 2210 3618 2254 3671; x_wconf 88' lang='lat' dir='ltr'><strong>t.</strong></span> <span class='ocrx_word' id='word_1_396' title='bbox 2293 3617 2384 3670; x_wconf 76' lang='lat' dir='ltr'><strong>fur</strong></span> <span class='ocrx_word' id='word_1_397' title='bbox 2420 3615 2768 3686; x_wconf 81' lang='lat' dir='ltr'><strong>Auehebung</strong></span> 
     </span>
     <span class='ocr_line' id='line_1_61' title="bbox 1645 3687 2768 3754; baseline 0 -13"><span class='ocrx_word' id='word_1_398' title='bbox 1645 3704 1778 3744; x_wconf 84' lang='lat' dir='ltr'><strong>war.</strong></span> <span class='ocrx_word' id='word_1_399' title='bbox 1827 3719 1894 3729; x_wconf 96' lang='lat'><strong>—</strong></span> <span class='ocrx_word' id='word_1_400' title='bbox 1948 3688 2294 3754; x_wconf 73' lang='lat' dir='ltr'><strong>secandis,</strong></span> <span class='ocrx_word' id='word_1_401' title='bbox 2350 3705 2395 3742; x_wconf 88' lang='lat' dir='ltr'><strong>s.</strong></span> <span class='ocrx_word' id='word_1_402' title='bbox 2449 3687 2512 3741; x_wconf 89' lang='grc' dir='ltr'><strong>Ε.</strong></span> <span class='ocrx_word' id='word_1_403' title='bbox 2567 3690 2652 3741; x_wconf 82' lang='lat'><strong>15.</strong></span> <span class='ocrx_word' id='word_1_404' title='bbox 2701 3717 2768 3726; x_wconf 94' lang='lat'><strong>—</strong></span> 
     </span>
     <span class='ocr_line' id='line_1_62' title="bbox 1643 3745 2716 3826; baseline 0 -14"><span class='ocrx_word' id='word_1_405' title='bbox 1643 3745 1796 3814; x_wconf 77' lang='lat' dir='ltr'><strong>Uber</strong></span> <span class='ocrx_word' id='word_1_406' title='bbox 1832 3760 2046 3815; x_wconf 82' lang='lat' dir='ltr'><strong>minor</strong></span> <span class='ocrx_word' id='word_1_407' title='bbox 2081 3759 2262 3826; x_wconf 75' lang='lat' dir='ltr'><strong>fides</strong></span> <span class='ocrx_word' id='word_1_408' title='bbox 2297 3775 2341 3816; x_wconf 87' lang='lat' dir='ltr'><strong>s.</strong></span> <span class='ocrx_word' id='word_1_409' title='bbox 2382 3759 2526 3815; x_wconf 89' lang='lat' dir='ltr'><strong>oben</strong></span> <span class='ocrx_word' id='word_1_410' title='bbox 2563 3763 2594 3824; x_wconf 66' lang='grc' dir='ltr'>ἓ</span> <span class='ocrx_word' id='word_1_411' title='bbox 2633 3761 2716 3813; x_wconf 76' lang='lat'><strong>12.</strong></span> 
     </span>
    </p>
   </div>
   <div class='ocr_carea' id='block_1_7' title="bbox 1955 3839 2362 3939">
    <p class='ocr_par' dir='ltr' id='par_1_16' title="bbox 1955 3839 2362 3939">
     <span class='ocr_line' id='line_1_63' title="bbox 1955 3839 2362 3939; baseline -0.002 0"><span class='ocrx_word' id='word_1_412' title='bbox 1955 3865 1972 3876; x_wconf 85' lang='lat'><em>&#39;</em></span> <span class='ocrx_word' id='word_1_413' title='bbox 2063 3839 2362 3939; x_wconf 55' lang='lat' dir='ltr'><strong>Kra&#39;vn.</strong></span> 
     </span>
    </p>
   </div>
   <div class='ocr_carea' id='block_1_8' title="bbox 1646 3971 2772 4416">
    <p class='ocr_par' dir='ltr' id='par_1_17' title="bbox 1646 3971 2772 4416">
     <span class='ocr_line' id='line_1_64' title="bbox 1723 3971 2767 4047; baseline -0.002 -19"><span class='ocrx_word' id='word_1_414' title='bbox 1723 3979 1768 4029; x_wconf 90' lang='lat'><strong>1.</strong></span> <span class='ocrx_word' id='word_1_415' title='bbox 1807 3973 2161 4047; x_wconf 73' lang='lat' dir='ltr'><strong>Aeyyptii,</strong></span> <span class='ocrx_word' id='word_1_416' title='bbox 2206 3971 2571 4042; x_wconf 83' lang='lat' dir='ltr'><strong>ankm&#39;ipfend</strong></span> <span class='ocrx_word' id='word_1_417' title='bbox 2605 3988 2681 4026; x_wconf 87' lang='lat' dir='ltr'><strong>an</strong></span> <span class='ocrx_word' id='word_1_418' title='bbox 2717 3977 2767 4026; x_wconf 92' lang='grc'><strong>6.</strong></span> 
     </span>
     <span class='ocr_line' id='line_1_65' title="bbox 1648 4042 2768 4114; baseline -0.004 -14"><span class='ocrx_word' id='word_1_419' title='bbox 1648 4042 2768 4114; x_wconf 71' lang='lat' dir='ltr'><strong>30.-—infensi,‘aufsassig,feind-</strong></span> 
     </span>
     <span class='ocr_line' id='line_1_66' title="bbox 1646 4113 2768 4188; baseline -0.004 -17"><span class='ocrx_word' id='word_1_420' title='bbox 1646 4116 1856 4185; x_wconf 88' lang='lat' dir='ltr'><strong>lich’,</strong></span> <span class='ocrx_word' id='word_1_421' title='bbox 1913 4118 2168 4188; x_wconf 83' lang='lat' dir='ltr'><strong>dagegen</strong></span> <span class='ocrx_word' id='word_1_422' title='bbox 2213 4116 2448 4182; x_wconf 52' lang='lat' dir='ltr'><strong>infans</strong></span> <span class='ocrx_word' id='word_1_423' title='bbox 2495 4139 2564 4160; x_wconf 80' lang='lat'><strong>===</strong></span> <span class='ocrx_word' id='word_1_424' title='bbox 2617 4113 2768 4168; x_wconf 85' lang='lat' dir='ltr'><strong>‘be—</strong></span> 
     </span>
     <span class='ocr_line' id='line_1_67' title="bbox 1647 4182 2772 4260; baseline -0.004 -18"><span class='ocrx_word' id='word_1_425' title='bbox 1647 4187 1986 4255; x_wconf 86' lang='lat' dir='ltr'><strong>drohlich,</strong></span> <span class='ocrx_word' id='word_1_426' title='bbox 2005 4185 2448 4260; x_wconf 65' lang='lat' dir='ltr'><strong>gafahrlich’.</strong></span> <span class='ocrx_word' id='word_1_427' title='bbox 2472 4184 2598 4254; x_wconf 80' lang='lat' dir='ltr'><strong>Vgl.</strong></span> <span class='ocrx_word' id='word_1_428' title='bbox 2626 4182 2772 4239; x_wconf 89' lang='lat' dir='ltr'><strong>oben</strong></span> 
     </span>
     <span class='ocr_line' id='line_1_68' title="bbox 1652 4255 2770 4328; baseline -0.004 -14"><span class='ocrx_word' id='word_1_429' title='bbox 1652 4263 1699 4314; x_wconf 89' lang='lat'><strong>1.</strong></span> <span class='ocrx_word' id='word_1_430' title='bbox 1751 4263 1819 4312; x_wconf 82' lang='lat'><strong>28</strong></span> <span class='ocrx_word' id='word_1_431' title='bbox 1872 4274 2076 4328; x_wconf 77' lang='lat' dir='ltr'><strong>semper</strong></span> <span class='ocrx_word' id='word_1_432' title='bbox 2125 4257 2476 4328; x_wconf 74' lang='lat' dir='ltr'><strong>praetoribus</strong></span> <span class='ocrx_word' id='word_1_433' title='bbox 2522 4255 2770 4322; x_wconf 76' lang='lat' dir='ltr'><strong>infestos.</strong></span> 
     </span>
     <span class='ocr_line' id='line_1_69' title="bbox 1650 4327 2770 4416; baseline -0.004 -30"><span class='ocrx_word' id='word_1_434' title='bbox 1650 4360 1717 4370; x_wconf 97' lang='lat'><strong>—</strong></span> <span class='ocrx_word' id='word_1_435' title='bbox 1755 4331 1840 4386; x_wconf 81' lang='lat' dir='ltr'><strong>ad</strong></span> <span class='ocrx_word' id='word_1_436' title='bbox 1881 4345 2054 4398; x_wconf 80' lang='lat' dir='ltr'><strong>spem</strong></span> <span class='ocrx_word' id='word_1_437' title='bbox 2101 4372 2113 4385; x_wconf 93' lang='lat'><strong>.</strong></span> <span class='ocrx_word' id='word_1_438' title='bbox 2154 4371 2170 4386; x_wconf 88' lang='lat'><strong>.</strong></span> <span class='ocrx_word' id='word_1_439' title='bbox 2212 4331 2595 4416; x_wconf 67' lang='lat' dir='ltr'><strong>erexerant,</strong></span> <span class='ocrx_word' id='word_1_440' title='bbox 2643 4327 2770 4382; x_wconf 90' lang='lat' dir='ltr'><strong>eine</strong></span> 
     </span>
    </p>
   </div>
  </div>
 </body>
</html>
