3069 4749
444 132 575 195 110
1375 129 1439 196 Q.
1480 129 1701 186 οιιιιΤι
1736 97 1908 184 aum

332 306 400 356 42
438 293 602 358 riam
639 293 921 359 invisam
958 313 1119 376 esse,
1163 293 1541 376 proclamat.
1623 291 1839 357 Attali
1875 313 2134 377 quoque
2168 292 2428 357 caedem
2465 291 2804 358 obiciebat

438 385 505 447 et
558 381 639 447 ad
692 380 995 446 ultimum
1040 381 1241 465 Iovis,
1296 403 1488 465 quem
1544 385 1796 482 patrem
1853 381 1982 445 sibi
2025 380 2398 446 Alexander
2445 381 2806 467 adsereret,

438 471 773 535 oraculum
830 465 1120 554 eludenS,
1178 470 1435 535 veriora
1489 491 1558 534 se
1613 469 1755 554 regi
1801 492 1997 554 quam
2041 471 2297 552 patrem
2344 470 2484 537 eius
2528 491 2802 553 respon-

330 574 399 622 43
438 559 613 624 disse
660 559 933 624 dicebat.
1026 557 1169 622 Iam
1214 563 1473 624 tantum
1518 559 1654 624 irae
1701 561 2086 642 conceperat
2126 579 2239 634 rex
2250 609 2267 642 ,
2321 561 2635 644 quantum
2681 560 2798 623 vix

438 647 691 714 sobrius
736 648 909 712 ferre
955 647 1297 730 potuisset.
1386 646 1740 712 Enimvero
1799 647 1962 712 olim
2015 668 2194 712 mero
2251 647 2549 713 sensibus
2594 647 2802 712 victis

328 751 400 800 44
438 759 517 801 ex
586 737 753 802 lecto
825 738 1090 820 repente
1160 735 1484 820 prosiluit.
1590 733 1880 800 Attoniti
1949 736 2140 802 amici
2201 757 2284 800 ne
2355 735 2588 819 positis
2655 738 2799 822 qui·

436 825 611 909 dem,
676 824 790 890 sed
844 824 1116 890 abiectis
1170 824 1423 908 poculis
1478 827 1878 910 consurgunt
1932 825 2002 888 in
2055 827 2360 890 eventum
2410 825 2532 906 rei,
2593 847 2797 909 quam

329 929 397 978 45
434 918 623 978 tanto
688 914 939 997 impetu
1000 916 1263 978 acturus
1328 916 1502 978 esset
1518 963 1536 996 ,
1606 913 1862 981 intenti.
1977 912 2344 979 Alexander
2401 916 2592 996 rapta
2652 914 2798 978 lan-

435 1023 551 1068 cea
620 1024 697 1066 ex
758 1001 1059 1066 manibus
1124 1001 1433 1087 armigeri
1496 999 1742 1067 Clitum
1806 1001 2016 1068 adhuc
2083 1001 2306 1067 eadem
2367 1002 2628 1086 linguae
2691 1003 2793 1066 in-

436 1091 871 1174 temperantia
923 1089 1245 1155 furentem
1297 1094 1632 1174 percutere
1689 1094 1958 1156 conatus
2006 1113 2046 1154 a
2089 1090 2469 1157 Ptolemaeo
2527 1095 2594 1156 et
2634 1090 2795 1155 Per-

328 1198 401 1247 46
439 1179 620 1245 dicca
655 1179 1003 1244 inhibetur.
1084 1178 1373 1244 Medium
1410 1179 1712 1263 conplexi
1749 1181 1868 1260 [et]
1909 1179 2234 1246 obluctari
2268 1182 2794 1263 perseverantem

435 1269 888 1333 morabantur:
962 1266 1389 1352 Lysimachus
1462 1271 1531 1332 et
1592 1267 1966 1334 Leonnatus
2041 1268 2242 1334 etiam
2311 1268 2608 1333 lanceam
2681 1268 2794 1332 ab·

329 1375 397 1426 47
438 1357 773 1424 stulerant.
864 1355 985 1421 llle
1032 1356 1319 1422 militum
1362 1357 1559 1424 fidem
1602 1357 1936 1440 inplorans
1983 1356 2420 1440 conprehendi
2463 1379 2533 1422 se
2571 1379 2610 1422 a
2644 1378 2796 1440 pro-

433 1445 627 1512 ximis
683 1445 1067 1527 amicorum,
1131 1444 1303 1529 quod
1358 1445 1574 1510 Dareo
1629 1466 1838 1528 nuper
1889 1444 2257 1530 accidisset,
2327 1445 2652 1510 exclamat
2707 1446 2794 1510 si-

325 1556 396 1606 ⁴⁸
435 1555 633 1688 5:33?
638 1533 1181 1688 ‘1¹2¹ssss1ssffssu‘ssarss’t
1208 1534 1580 1688 ”affligis
1583 1534 2285 1707 Ἕθὲιζζὲἶὲἰίἳὶἳῗ
2313 1535 2514 1688 {32²5ss
2517 1583 2531 1598 ’
2582 1533 2792 1688 ΠΈἛῚ

434 1715 573 1776 tam
628 1711 975 1795 praecipiti
1028 1711 1129 1776 ira
1179 1715 1554 1796 perseveret
1617 1712 2028 1796 spatiumque
2092 1713 2312 1794 potius
2379 1673 2596 1776 animo
2651 1711 2794 1776 det:

434 1800 654 1867 omnia
689 1803 951 1884 postero
990 1800 1095 1864 die
1132 1799 1370 1865 iustius
1408 1803 1845 1866 executurum.
1921 1799 2046 1866 Sed
2083 1799 2340 1866 clausae
2378 1803 2563 1864 erant
2599 1821 2788 1864 aures

324 1913 393 1962 49
432 1889 850 1973 obstrepente
905 1888 1021 1952 ira.
1118 1887 1349 1972 Itaque
1413 1889 1740 1972 impotens
1805 1889 2010 1954 animi
2067 1889 2393 1973 procurrit
2445 1889 2516 1954 in
2569 1889 2790 1972 regiae

435 1978 829 2042 vestibulum
878 1982 945 2045 et
989 1977 1179 2062 vigili
1224 1977 1572 2042 excubanti
1617 1977 1814 2042 hasta
1859 1978 2086 2043 ablata
2129 1977 2426 2044 constitit
2471 1977 2539 2040 in
2585 1977 2790 2059 aditu,

325 2093 391 2142 50
430 2087 557 2151 quo
601 2087 865 2132 necesse
912 2069 1055 2131 erat
1098 2066 1209 2150 iis,
1264 2066 1379 2150 qui
1422 2066 1619 2132 simul
1667 2069 2085 2148 cenaverant,
2143 2064 2379 2152 egredi.
2469 2064 2791 2130 Abierant

436 2155 652 2220 ceteri.
726 2153 939 2220 Clitus
977 2155 1247 2220 ultimus
1288 2155 1426 2220 sine
1462 2155 1707 2219 lumine
1746 2155 1983 2220 exibat.
2067 2153 2271 2230 Quem
2307 2176 2440 2236 rex,
2487 2154 2787 2239 quisnam

432 2247 624 2328 esset,
668 2243 1057 2328 interrogat.
1136 2241 1491 2308 Eminebat
1539 2245 1739 2308 etiam
1777 2244 1846 2306 in
1880 2265 2034 2308 voce
2073 2243 2354 2326 sceleste,
2392 2241 2564 2326 quod
2599 2264 2789 2325 para·

428 2450 683 2516 gangene
729 2433 1079 2491 hinweisend
1118 2459 1185 2480 =
1224 2451 1356 2488 von
1400 2452 1552 2489 vor·
1733 2440 1819 2490 45.
1857 2440 2089 2505 rapta,
2123 2434 2402 2519 kraftiger
2428 2436 2512 2489 als
2539 2436 2642 2491 abr
2709 2440 2784 2490 ta.

427 2504 562 2559 hin.
635 2506 729 2561 ira
771 2506 850 2561 ist
894 2504 999 2628 dei
1030 2504 1151 2559 hell
1180 2504 1553 2631 flgssggeffiffie
1661 2506 2260 2633 gssgrzffzpmr÷22
2268 2506 2590 2633 aanngigh'.
2556 2582 2639 2633 19·
2703 2506 2783 2576 gl.

424 2574 972 2774 szssglefssbssoffgnug
1003 2591 1075 2631 en
1108 2592 1179 2646 ge
1732 2654 1819 2704 47.
1873 2596 2088 2717 napea·
2133 2666 2176 2703 s.
2225 2654 2525 2703 5.12.15.
2597 2648 2784 2703 Aehn-

632 2717 890 2784 Attali,
926 2736 969 2772 s.
1010 2723 1059 2772 6.
1097 2723 1147 2773 9.
1187 2722 1283 2785 173
1323 2723 1371 2774 7.
1414 2724 1461 2773 1.
1500 2724 1551 2775 3.
1659 2718 1809 2775 liche
1845 2720 2043 2775 Worte
2078 2720 2200 2789 legt
2236 2720 2379 2775 auch
2415 2718 2620 2775 Arrian
2656 2719 2785 2775 dem

429 2724 615 2845 Ueb2er
651 2788 813 2845 Jovis
846 2790 938 2845 fur
962 2787 1123 2844 Jovis
1149 2788 1479 2843 Hammonis
1508 2806 1549 2843 s.
1660 2787 1851 2861 Konig
1885 2791 1947 2845 ιιι
1983 2790 2092 2845 den
2127 2788 2319 2845 Mund.

426 2867 475 2916 6.
533 2866 583 2915 9.
640 2866 731 2931 18,
791 2866 874 2915 10.
928 2866 1013 2917 28.
1073 2891 1140 2899 -
1196 2860 1550 2915 adsereret.
1731 2866 1817 2916 48.
1874 2862 2229 2931 spatium,
2287 2860 2556 2931 ‘Frist,
2603 2862 2782 2917 Ver-

422 2948 535 2986 rem
583 2933 693 2987 sibi
747 2934 1017 2998 adserere,
1071 2931 1179 2985 fur
1234 2930 1381 2986 sich
1435 2931 1552 2985 be-
1659 2931 1838 3001 zug'.
1847 2932 2010 2987 'Man
2031 2934 2160 3002 sagt
2185 2932 2346 2988 nicht
2371 2932 2522 2989 bloss
2541 2935 2783 3003 spatium

424 3001 1308 3072 anspruchen,(vgl.10.10.
1352 3002 1440 3070 14)
1474 3000 1552 3055 ist
1658 3004 1811 3070 dare,
1835 3019 2062 3070 sumere,
2079 3004 2367 3072 postulare
2391 3006 2476 3059 rei
2494 3006 2784 3073 (aqendae)

422 3074 681 3144 poetisch
698 3074 814 3129 und
832 3045 1273 3141 nhchclassisch3
1304 3071 1395 3127 die
1410 3072 1552 3127 Con·
1658 3073 1774 3128 und
1828 3073 1904 3128 ad
1955 3090 2069 3129 rem
2128 3075 2478 3144 (ayendam),
2541 3076 2780 3131 sondern

423 3144 706 3201 struktion
758 3144 865 3199 mit
920 3150 952 3197 2
1009 3159 1189 3198 accus.
1254 3114 1356 3199 hat
1408 3143 1552 3197 auch
1659 3144 1807 3199 auch
1849 3145 1950 3199 rei
1995 3146 2064 3199 al
2072 3146 2232 3200 ieni.
2306 3144 2434 3215 Vgl.
2473 3164 2518 3201 z.
2555 3145 2620 3203 B.
2657 3146 2778 3201 Liv.

420 3214 547 3271 Val.
585 3214 732 3271 Max.
770 3222 821 3269 4.
858 3220 910 3271 4.
948 3220 999 3269 4.
1659 3221 1709 3272 2.
1757 3220 1841 3271 56.
1893 3220 1958 3269 16
2005 3215 2161 3271 damet
2204 3218 2324 3271 irae
2370 3218 2615 3285 spatium
2666 3217 2782 3272 und

494 3292 580 3340 43.
636 3287 993 3353 enimverO,
1040 3300 1225 3355 genau
1260 3283 1367 3340 wie
1404 3288 1453 3340 4.
1496 3290 1544 3339 7.
1654 3286 1916 3341 ebendas.
1957 3292 2007 3341 8.
2039 3293 2124 3343 32.
2159 3292 2226 3340 14
2262 3293 2327 3341 nt
2360 3304 2473 3343 rem
2507 3290 2572 3343 in
2599 3293 2780 3357 poste-

427 3363 494 3412 14
522 3357 852 3427 gebraucht,
888 3356 1071 3410 bildet
1098 3356 1261 3411 einen
1288 3355 1548 3411 schaz-fen
1655 3373 1780 3411 rum
1815 3358 1958 3413 diem
1994 3358 2240 3425 differret
2265 3363 2316 3411 et
2341 3360 2462 3413 irae
2486 3375 2619 3413 suae
2653 3376 2780 3428 spa-

424 3429 736 3499 Gegensatz
772 3444 840 3481 zu
876 3428 971 3481 vix
1006 3428 1223 3482 sobrius
1264 3428 1545 3495 potuisset.
1653 3428 1794 3483 tinm
1830 3434 1882 3483 et
1927 3429 2154 3484 consilio
2199 3433 2408 3497 tempus
2443 3431 2615 3488 daret.
2688 3432 2781 3483 An

424 3500 586 3555 Sinn:
624 3498 700 3553 da
726 3515 785 3553 er
820 3497 995 3552 noch
1029 3497 1348 3554 vollends
1373 3500 1548 3565 (vero)
1654 3498 1765 3553 den
1815 3498 2252 3555 Prohibitivsatz
2315 3500 2577 3555 schliesst
2640 3500 2780 3568 sich,

423 3570 605 3627 seiner
651 3570 820 3623 Sinne
872 3568 1035 3623 nicht
1087 3570 1247 3623 mehr
1291 3568 1547 3638 machtig
1653 3570 1760 3624 wie
1797 3570 2008 3639 haufig,
2046 3570 2191 3624 ohne
2219 3570 2485 3625 Wechsel
2512 3571 2614 3625 der
2639 3571 2774 3626 Par-

422 3660 557 3709 war,
592 3657 712 3696 war
745 3638 1028 3695 natiirlich
1056 3641 1145 3695 est
1168 3640 1328 3695 recht
1353 3639 1546 3707 (enim)
1653 3639 1798 3695 tikel
1825 3640 1916 3695 ein
1935 3640 2244 3695 Jussivsatz
2271 3642 2336 3710 (s.
2359 3642 2505 3725 oben
2527 3648 2574 3696 7.
2597 3648 2644 3697 1.
2669 3646 2776 3711 38).

422 3732 496 3769 an
515 3684 1118 3781 S’elbstbeherrschung
1142 3710 1302 3765 nicht
1327 3729 1395 3764 zu
1414 3710 1546 3765 den·
1727 3716 1814 3767 49.
1829 3712 2176 3794 Uimpotens
2205 3713 2445 3780 animi,
2473 3713 2581 3767 wie
2607 3715 2777 3782 impo-

419 3785 549 3839 ken.
587 3814 655 3824 —
692 3783 923 3848 victis,
977 3782 1092 3852 vgl.
1147 3782 1301 3837 vinci
1342 3797 1548 3849 somno,
1654 3787 1772 3839 tenc
1817 3782 1937 3837 irae
1971 3781 2092 3838 Liv.
2132 3788 2218 3838 29.
2257 3788 2308 3837 9.
2347 3790 2397 3837 9.
2437 3814 2504 3825 -
2543 3785 2782 3839 ablata

392 3920 409 3931 .
422 3856 622 3922 labore,
650 3855 761 3922 ira,
788 3854 970 3909 dolore
988 3872 1041 3907 ιι.
1063 3852 1238 3923 dergl.
1252 3851 1346 3907 bei
1354 3851 1546 3907 Livius
1656 3878 1725 3899 =
1753 3858 1952 3923 erepta.
2011 3852 2083 3908 So
2115 3853 2296 3909 selten
2321 3854 2416 3909 bei
2440 3854 2779 3923 Classikern,

420 3945 476 3981 u.
513 3926 801 3981 Dichtern.
1655 3924 1799 3979 doch
1845 3926 1973 3994 sagt
2022 3925 2171 3979 auch
2219 3923 2411 3980 Cicero
2457 3927 2690 3995 spiritu-s
2725 3928 2781 3981 ei

491 4003 581 4052 44.
618 4014 696 4053 ne
722 3996 981 4065 positis
1016 3995 1278 4065 quidem
1315 4012 1357 4051 s.
1395 4013 1447 4049 v.
1487 4010 1538 4049 a.
1653 3996 1940 4062 aufertur,
1976 3993 2132 4052 Verr.
2173 4000 2220 4051 5.
2263 4001 2381 4053 118

420 4086 534 4124 non
568 4074 683 4123 tam
718 4068 971 4137 positis.
1004 4110 1017 4122 .
1048 4108 1061 4120 .
1101 4082 1280 4135 quam.
1354 4065 1540 4119 Aehn-
1723 4072 1807 4121 50.
1865 4068 2224 4134 eminebat,
2279 4068 2498 4123 starker
2543 4068 2629 4122 als
2676 4084 2775 4136 ap-

417 4139 535 4194 ]ich
572 4139 683 4195 Cic.
720 4138 867 4193 Phil.
910 4144 991 4193 13.
1029 4142 1100 4191 43
1147 4153 1216 4191 ne
1252 4136 1383 4205 pios
1417 4136 1540 4207 qui·
1640 4138 1892 4205 parebat.
1989 4138 2063 4193 So
2117 4108 2362 4193 stnitium
2411 4139 2678 4193 eminebat
2723 4144 2776 4191 4.

420 4212 539 4265 dem
572 4212 665 4264 sed
692 4210 974 4277 piissimos
1002 4234 1069 4255 ==
1098 4224 1210 4263 non
1236 4208 1393 4263 modo
1411 4208 1542 4277 pios
1652 4212 1700 4263 1.
1748 4214 1843 4277 243
1893 4210 2073 4265 maior
2117 4210 2209 4265 ira
2253 4210 2520 4264 eminebat
2564 4209 2684 4264 Liv.
2723 4216 2776 4265 2.

419 4282 515 4335 sed
538 4282 835 4348 piissimos.
1651 4284 1734 4334 35.
1775 4286 1824 4333 6.
