3069 4749
776 107 1287 164 HISTORIARUM
1321 107 1751 196 ALEanDRI
1786 106 1938 176 VIII,
1980 113 2062 161 11.
2104 113 2186 163 12.
2524 107 2651 172 153

307 275 521 340 stione
575 272 880 358 repperit.
959 269 1328 356 Regnabat
1382 271 1450 336 in
1507 291 1585 336 ea
1636 270 1901 354 regione
1950 267 2249 354 Omphis,
2307 270 2419 355 qui
2474 272 2650 354 patri

308 384 558 447 quoque
602 361 817 427 fuerat
863 363 1091 426 auctor
1137 359 1408 424 dedendi
1451 378 1727 442 regnum
1772 358 2143 426 Alexandro
2192 363 2259 423 et
2294 361 2445 442 post
2481 381 2649 424 mor·
2687 367 2719 416 5

307 457 444 518 tem
489 451 781 534 parentis
828 448 1083 534 legatos
1129 449 1416 532 miserat,
1463 448 1575 532 qui
1612 447 2027 512 consulerent
2061 468 2226 532 eum,
2270 468 2543 533 regnare
2580 470 2649 514 se

307 541 573 605 interim
609 539 810 604 vellet
845 561 932 604 an
966 538 1296 622 privatum
1344 535 1628 620 opperiri
1674 537 1811 600 eius
1850 535 2213 626 adventum.
2294 535 2648 602 Permisso-
2688 545 2719 593 6

307 650 448 714 que,
492 633 566 694 ut
609 631 928 713 regnaret,
973 648 1106 692 non
1149 630 1371 691 tamen
1416 627 1518 690 ius
1566 624 1789 688 datum
1825 645 2141 708 usurpare
2163 625 2503 702 sustinuit.
2584 625 2649 690 Is

303 718 584 800 benigne
640 717 894 801 quidem
949 721 1290 798 exceperat
1333 713 1913 798 Hephaestionem,
1965 714 2322 798 gratuitum
2366 714 2649 780 frumen-

304 808 448 872 tum
496 807 698 890 copiis
746 806 880 870 eius
929 803 1294 886 admensuS,
1338 825 1469 868 non
1513 807 1734 867 tamen
1782 801 1841 866 ei
1888 808 2282 886 occurrerat,
2326 825 2407 868 ne
2452 803 2645 872 fidem

305 896 502 960 ullius
547 894 678 959 nisi
720 894 896 978 regis
945 894 1361 976 experiretur.
1440 890 1671 975 Itaque
1718 891 2006 957 venienti
2053 892 2314 956 obviam
2360 914 2505 957 cum
2550 901 2647 958 ar·
2684 901 2715 949 7

305 988 484 1048 mato
523 983 807 1048 exercitu
846 1003 1142 1068 egressus
1182 983 1300 1063 est,
1347 979 1683 1064 elephanti
1720 1001 1971 1064 quoque
2008 1003 2125 1064 per
2162 981 2416 1046 modica
2452 981 2645 1046 inter-

302 1073 472 1138 valla
517 1071 804 1146 militum,
847 1071 1094 1157 agmini
1138 1070 1398 1134 inmixti
1441 1070 1667 1153 procul
1714 1069 2130 1134 castellorum
2174 1068 2461 1135 fecerant
2508 1091 2647 1152 spe-

303 1163 486 1228 ciem.
566 1161 664 1225 Ac
709 1160 919 1245 primo
955 1159 1324 1224 Alexander
1367 1179 1500 1224 non
1546 1158 1809 1236 socium,
1856 1157 1967 1221 sed
2005 1157 2263 1222 hostem
2300 1158 2647 1223 adventare
2686 1165 2718 1214 8

305 1250 606 1315 credebat
658 1248 916 1332 iamque
973 1253 1040 1313 et
1093 1249 1235 1332 ipse
1291 1269 1472 1314 arma
1526 1246 1771 1312 milites
1826 1267 2055 1329 capere
2110 1249 2177 1311 et
2224 1247 2474 1331 equites
2522 1247 2649 1311 dis-

304 1338 526 1404 cedere
589 1339 659 1402 in
721 1359 964 1404 cornua
1025 1336 1329 1414 iusserat,
1399 1340 1668 1419 paratus
1734 1335 1815 1399 ad
1876 1355 2185 1419 pugnam.
2293 1333 2387 1401 At
2448 1335 2647 1401 Indus

304 1429 570 1512 cognito
615 1425 1046 1492 Macedonum
1103 1446 1319 1490 errore
1373 1425 1575 1490 iussis
1634 1423 1987 1490 subsistere
2034 1423 2263 1490 ceteris
2310 1425 2453 1508 ipse
2498 1446 2648 1490 con·

301 1517 464 1581 citat
499 1537 753 1600 equum,
787 1537 916 1599 quo
954 1514 1337 1580 vehebatur:
1382 1513 1558 1578 idem
1597 1511 1967 1578 Alexander
2001 1534 2255 1596 quoque
2290 1512 2467 1596 fecit,
2513 1514 2648 1578 sive

300 1605 514 1669 hostis
571 1605 706 1668 sive
761 1604 1008 1668 amicus
1064 1607 1452 1686 occurreret,
1511 1602 1619 1691 vel
1675 1624 1793 1666 sua
1848 1601 2089 1666 virtute
2144 1601 2248 1666 vel
2296 1602 2472 1667 illius
2518 1602 2645 1667 fide

302 1697 504 1758 tutus.
584 1690 828 1776 Coiere,
873 1691 1045 1777 quod
1091 1713 1170 1756 ex
1203 1691 1541 1774 utriusque
1577 1690 1764 1756 vultu
1799 1694 2022 1774 posset
2058 1689 2372 1776 intellegi,
2418 1691 2644 1756 amicis
2684 1699 2715 1746 9

303 1781 571 1846 animis:
635 1785 920 1846 ceterum
985 1780 1123 1844 sine
1186 1780 1545 1864 interprete
1602 1801 1734 1844 non
1798 1780 2059 1862 poterat
2110 1780 2362 1844 conseri
2416 1801 2649 1845 sermo.

303 1870 535 1954 Itaque
592 1870 886 1936 adhibito
942 1891 1018 1935 eo
1074 1870 1390 1936 barbarus
1439 1869 1795 1934 occurrisse
1842 1890 1911 1932 se
1958 1867 2123 1932 dixit
2168 1888 2314 1932 cum
2360 1869 2645 1933 exercitu

301 1963 478 2025 totas
534 1958 791 2042 imperii
841 1958 1010 2022 vires
1065 1959 1362 2040 protinus
1417 1957 1808 2022 traditurum
1861 1978 1981 2021 nec
2037 1960 2433 2042 expectasse,
2492 1957 2647 2022 dum

303 2069 417 2132 per
459 2050 722 2112 nuntios
768 2047 1032 2112 daretur
1077 2047 1254 2112 fides.
1337 2043 1589 2129 Corpus
1628 2067 1817 2110 suum
1854 2049 1920 2110 et
1955 2064 2228 2128 regnum
2263 2047 2645 2128 permittere
2687 2053 2753 2100 10

303 2136 432 2219 illi,
481 2158 670 2220 quem
715 2137 910 2202 sciret
955 2136 1204 2221 gloriae
1249 2135 1647 2199 militantem
1690 2133 1859 2199 nihil
1904 2134 2116 2218 magis
2163 2155 2356 2218 quam
2402 2134 2645 2201 famam

193 2230 284 2294 43
303 2227 536 2291 timere
581 2225 902 2310 perfidiae.
982 2224 1223 2290 Laetus
1272 2223 1693 2308 simplicitate
1739 2222 2004 2287 barbari
2040 2244 2152 2286 rex
2190 2226 2257 2287 et
2294 2223 2645 2306 dexteram,

300 2315 451 2381 fidei
515 2337 670 2381 suae
723 2315 961 2400 pignus
970 2365 988 2401 ,
1053 2313 1232 2381 dedit
1287 2317 1354 2379 et
1405 2333 1681 2398 regnum
1735 2310 2038 2377 restituit.
2136 2329 2257 2377 LVI
2312 2311 2646 2397 elephanti
2687 2319 2745 2366 11

301 2409 504 2489 erant,
540 2427 699 2489 quos
729 2404 998 2471 tradidit
1025 2404 1411 2488 Alexandm,
1449 2403 1779 2485 multaque
1815 2422 2049 2486 pecora
2087 2401 2359 2467 eximiae
2397 2404 2646 2487 magni-

305 2576 361 2633 C.
410 2579 663 2633 erwahnt
703 2578 888 2649 nicht,
934 2579 1064 2633 dass
1104 2579 1260 2633 Alex.
1309 2578 1418 2633 den
1599 2581 1647 2633 8.
1704 2582 1763 2631 et
1811 2577 1981 2645 ipse,
2034 2576 2239 2630 ‘auch
2286 2592 2357 2630 er
2392 2576 2649 2632 seiner-

301 2648 471 2702 Indus
492 2649 1056 2704 aufeinerln'instlich
1075 2664 1418 2703 zusammen·
1526 2647 1749 2702 seits'.
1789 2677 1857 2685 -
1903 2648 2246 2701 discedere
2280 2649 2355 2701 in
2390 2663 2650 2703 cornua

303 2734 373 2789 ge
501 2735 572 2773 en
625 2718 1011 2774 Schiffbru‘cke
1065 2718 1418 2775 iiberschritt.
1528 2744 1599 2763 ===
1665 2716 2049 2787 ‘Aufstellung
2113 2718 2215 2772 auf
2272 2717 2381 2772 den
2446 2720 2650 2775 beiden

304 2821 372 2829 —
469 2791 683 2859 mphis
719 2816 788 2835 ==
823 2790 1038 2857 Μῶφις
1082 2788 1176 2843 bei
1209 2788 1422 2845 Diodor
1525 2788 1781 2843 Flanken
1806 2787 2091 2845 nehmcn’.
2140 2788 2268 2859 Vgl.
2290 2788 2380 2843 die
2399 2787 2650 2845 Phrasen

305 2862 413 2929 (17.
441 2864 550 2931 86).
613 2860 719 2915 Die
747 2860 984 2914 Fsirsten
1003 2860 1165 2929 jener
1192 2858 1422 2929 Gegend
1527 2861 1730 2929 equites
1774 2864 2000 2915 tuentwr
2044 2863 2333 2927 cornu(a)‚·
2384 2862 2648 2917 lateribus

302 2932 528 2985 ffihrten
556 2931 665 2985 den
693 2931 912 2985 Namen
940 2930 1162 2985 Taxilen
1190 2931 1420 3001 erblich,
1528 2931 2051 2998 circumfwnduntw·
2062 2951 2084 2997 ‚·
2142 2931 2290 2986 auch
2346 2931 2648 2986 discurrere

303 3002 553 3057 weshalb
580 3002 791 3060 Diodor
817 3002 928 3056 den
953 3000 1175 3071 Mophis
1198 3028 1266 3049 π
1293 3000 1420 3056 Om-
1525 3004 1591 3057 in
1626 3017 1799 3057 cornu
1826 3008 1875 3057 3.
1907 3008 1956 3055 2.
1991 3007 2085 3069 143
2121 3001 2241 3057 Liv.
2272 3007 2319 3056 ’1.
2351 3007 2435 3055 33.
2468 3007 2551 3057 11.
2577 3033 2645 3043 --

301 3073 430 3143 phis
467 3074 631 3129 einen
667 3072 821 3129 Sohn
857 3073 955 3127 des
993 3072 1216 3127 Taxiles
1253 3073 1327 3141 (d.
1363 3074 1416 3127 h.
1523 3074 1627 3128 vel
1654 3116 1667 3127 .
1690 3115 1702 3126 .
1725 3116 1737 3128 .
1770 3074 1891 3139 vel,
1924 3072 2026 3127 ‘im
2053 3074 2238 3128 ersten
2266 3116 2278 3128 .
2302 3115 2314 3129 .
2338 3115 2351 3128 .
2377 3072 2457 3127 im
2485 3072 2645 3129 zwei-

301 3144 524 3203 einfach
580 3145 677 3199 des
731 3145 1128 3201 verstorbenen
1181 3144 1418 3213 Konigs)
1524 3146 1625 3199 ten
1658 3143 1860 3199 Falle’.

299 3218 489 3271 neunt.
533 3248 598 3257 —
629 3218 828 3287 patri
862 3232 1132 3285 quoque.
1211 3215 1421 3271 Ueber-
1599 3222 1648 3270 9.
1703 3216 1874 3284 quod
1918 3219 2171 3284 posset,
2226 3212 2333 3268 wie
2378 3220 2427 3271 8.
2478 3222 2527 3271 2.
2574 3221 2644 3271 35

299 3286 451 3342 setse
475 3304 681 3359 quoque
715 3288 824 3343 mit
863 3287 1158 3343 ‘schon'.
1225 3286 1282 3341 Ο.
1321 3286 1418 3341 be·
1523 3288 1669 3355 quod
1703 3286 1868 3353 facile
1902 3286 2204 3354 adpareret.
2270 3285 2462 3357 Vei-gl.
2500 3286 2645 3342 hier-

299 3358 474 3413 findet
502 3360 624 3414 sich
652 3358 761 3415 mit
786 3358 969 3413 diener
994 3358 1162 3413 Notiz
1187 3356 1268 3411 im
1286 3356 1416 3413 Ein-
1523 3358 1631 3411 mit
1685 3357 1783 3411 das
1838 3356 2223 3425 prasentische
2278 3360 2423 3427 quod
2474 3360 2644 3413 sciam

299 3428 505 3499 klange
540 3429 648 3485 mit
680 3428 909 3487 Diodor.
1524 3453 1594 3475 ===
1631 3432 1897 3498 quantum
1932 3428 2059 3483 scio.
2098 3459 2165 3470 --
2204 3428 2478 3498 Itaque,
2526 3430 2641 3483 bez.

373 3506 422 3553 6.
450 3501 920 3571 permissoque.
977 3499 1108 3570 Vgl.
1131 3500 1417 3583 desperato
1523 3499 1643 3555 sich
1680 3516 1787 3553 nur
1821 3498 1923 3553 auf
1952 3498 2043 3553 die
2072 3498 2185 3555 abl.
2214 3498 2328 3555 abs.
2395 3498 2645 3583 Vgl3die

299 3574 566 3695 343²„ssss
617 3602 684 3696 ζ
725 3572 1095 3708 Εῑίῗῗῑςᾶὲἶ.
1125 3571 1434 3697 Ιῗῗῖὦῖὶ
1517 3570 1687 3695 3¹²3·
1717 3574 2375 3710 {waffssgffiwssftz‘
2384 3575 2645 3696 Ἠέἒιίῑ

302 3716 546 3778 tamen,
583 3713 834 3781 asyndet.
871 3714 963 3769 fiir
997 3730 1094 3770 nec
1119 3718 1316 3770 tamen.
1345 3744 1414 3755 --
1521 3728 1799 3781 personen
1812 3752 1826 3779 ,
1861 3711 2237 3781 Abgeuandte.

301 3798 378 3836 ne
411 3784 630 3838 ullius
675 3783 750 3839 ist
794 3784 987 3842 scharf
1021 3786 1220 3840 betont
1264 3784 1304 3839 f.
1350 3802 1418 3839 ne
1600 3789 1679 3837 10.
1726 3783 2005 3853 ylerdae.
2072 3781 2259 3852 Vergl.
2297 3783 2407 3837 sibi
2440 3784 2646 3849 vivere,-

301 3854 478 3909 cuv‘us.
557 3853 663 3908 Die
707 3854 920 3911 Phrase
973 3856 1132 3923 fidem
1177 3857 1419 3925 experiri
1523 3854 1669 3909 vitae
1703 3854 1938 3919 discere,·
1974 3854 2166 3909 amicis
2192 3852 2644 3923 reipublicdeque,

299 3925 376 3979 ist
419 3924 677 3981 ziemlich
714 3925 928 3995 gleich:
982 3928 1142 3994 fidem
1178 3928 1418 3983 alicuius
1521 3940 1638 3979 mm
1663 3926 1773 3979 sibi
1798 3924 2019 3979 divitem
2046 3940 2155 3979 esse
2181 3941 2235 3977 u.
2264 3923 2377 3991 dgl.
2426 3923 2642 3979 Anders

299 3996 620 4066 implorare,
655 3996 786 4064 fidei
820 4012 875 4051 ee
909 4000 1244 4053 committere.
1522 3996 1739 4065 gefasst
1774 4002 1824 4049 6.
1862 4000 1913 4050 5.
1955 4001 1985 4050 7
2021 3995 2255 4050 mercede
2288 3996 2541 4049 militare.

371 4074 419 4121 7.
449 4068 792 4137 elephanti
813 4085 1063 4138 quoque
1088 4070 1417 4137 fecerant,
1599 4073 1679 4121 11.
1736 4070 1958 4134 erant,
2002 4080 2178 4135 quos.
2250 4062 2378 4134 Vgl.
2415 4064 2645 4120 hiet-mit

299 4137 620 4209 brachylog.
670 4137 760 4192 fiir
805 4140 970 4208 eleph.
1007 4155 1215 4209 quoque
1250 4141 1415 4193 inter·
1523 4136 1813 4191 einerseits
1851 4136 1944 4190 die
1976 4135 2305 4205 brachylog.
2334 4133 2500 4191 Form
2527 4140 2557 4201 ξ
2594 4142 2643 4204 ’1,

301 4214 472 4275 erant,
509 4211 608 4279 qui
641 4210 900 4275 fecerunt.
977 4210 1032 4265 S.
1067 4210 1211 4266 Einl.
1243 4210 1296 4265 S.
1329 4216 1414 4279 33,
1521 4206 1895 4263 andererseits
1906 4206 2069 4262 Satze
2080 4206 2443 4275 mitgleicher
2454 4204 2642 4261 Breite

301 4278 462 4333 Anm.
1522 4278 1621 4333 des
1656 4277 1979 4333 Ausdrucks
2027 4276 2133 4333 wie
2172 4283 2229 4333 3.
2272 4282 2320 4332 1.
2363 4282 2454 4345 113
2502 4284 2553 4334 6.
2590 4284 2641 4332 6.
