3069 4749
410 164 539 231 106
1322 168 1387 229 Q.
1426 166 1646 217 cmm
1681 166 1854 216 num

334 349 367 397 ’1
404 327 686 413 liquerat
720 327 1036 392 manibus.
1102 325 1451 409 Gaugabas
1489 326 1728 391 Persae
1764 328 2005 392 vocant
2039 324 2328 391 humeris
2366 346 2568 392 onera
2601 348 2754 409 por-

402 420 649 481 tantes:
694 415 766 479 hi
811 436 958 480 cum
1000 415 1256 480 hiemem
1291 411 1572 481 tolerare
1609 436 1744 480 non
1781 418 2050 498 possent
2079 450 2163 461 --
2193 414 2436 499 quippe
2469 416 2754 499 procella

406 504 623 569 subito
670 505 883 568 nivem
924 504 1237 569 effuderat
1273 508 1340 569 et
1380 504 1617 568 humus
1664 503 1923 587 rigebat
1958 503 2107 587 gelu
2143 506 2285 567 tum
2323 503 2639 569 adstricta
2671 540 2747 551 --·

403 596 635 675 vestes,
682 614 844 677 quas
890 613 1036 657 cum
1080 593 1360 675 pecunia
1404 593 1775 675 portabant,
1821 613 1980 658 auro
2026 594 2094 655 et
2139 594 2428 675 purpura.
2459 592 2752 677 insignes

402 681 682 746 induunt
723 681 905 746 nullo
952 680 1298 764 prohibere
1342 702 1523 763 auso,
1569 702 1716 745 cum
1761 680 2028 745 fortuna
2061 680 2239 765 regis
2287 680 2486 745 etiam
2520 681 2753 746 humil·

334 789 369 839 a
404 770 581 837 limis
628 771 702 834 in
744 775 957 853 ipsum
1001 770 1330 834 licentiam
1374 768 1636 834 faceret.
1726 768 2089 839 Praebuere
2137 789 2290 853 ergo
2337 768 2755 835 Parmenioni

404 880 539 924 non
577 857 925 943 spernendi
962 858 1239 942 agminis
1278 858 1576 942 speciem.
1633 856 1758 933 Qui
1795 857 2145 922 intentiore
2183 878 2338 921 cura
2374 880 2526 923 suos
2565 860 2752 943 quasi

404 947 488 1011 ad
516 947 779 1011 ‘iustum
814 946 1131 1029 proelium
1170 947 1393 1029 paucis
1432 947 1818 1011 adhortatus
1857 946 2040 1031 equis
2077 946 2358 1011 calcaria
2393 946 2574 1011 iubet
2601 947 2751 1025 sub·

331 1055 364 1105 9
404 1035 551 1100 dere
599 1038 667 1099 et
705 1037 839 1101 acri
876 1036 1125 1119 impetu
1160 1037 1231 1099 in
1266 1035 1523 1100 hostem
1563 1034 1764 1100 evehi.
1822 1034 1914 1098 At
1947 1034 2067 1116 illi,
2103 1034 2247 1117 quis
2287 1036 2408 1099 sub
2445 1036 2750 1100 oneribus

403 1128 593 1189 erant
648 1124 933 1207 omissiS,
984 1145 1101 1207 per
1158 1127 1402 1189 metum
1458 1126 1807 1207 capessunt
1863 1122 2118 1207 fugam,
2181 1124 2418 1189 armati
2443 1171 2448 1179 .
2477 1144 2752 1208 quoque,

402 1214 511 1296 qui
560 1234 669 1277 eos
714 1212 1295 1296 prosequebantur,
1340 1211 1569 1277 eodem
1605 1215 1785 1276 metu
1832 1233 2014 1275 arma
2048 1211 2296 1277 iactare
2335 1233 2411 1277 ac
2443 1215 2605 1277 nota
2647 1212 2752 1277 de·

298 1320 366 1369 10
402 1301 719 1367 verticula
761 1305 980 1385 petere
1026 1300 1391 1385 coeperunt.
1474 1300 1868 1382 Praefectus,
1916 1300 2102 1384 quasi
2143 1303 2212 1363 et
2254 1300 2396 1383 ipse
2443 1302 2751 1365 conterri-

400 1393 529 1473 tus,
564 1390 879 1454 simulans
919 1392 1149 1455 cuncta
1184 1410 1427 1473 pavore
1464 1389 1902 1472 conpleverat.
1954 1387 2266 1454 Iacebant
2301 1388 2462 1453 totis
2500 1390 2748 1474 campis

403 1499 557 1561 opes
592 1478 830 1563 regiae,
874 1478 993 1543 illa
1036 1480 1311 1561 pecunia
1356 1478 1678 1561 stipendio
1725 1478 1976 1561 ingenti
2021 1477 2298 1542 militum
2344 1483 2750 1561 praeparata,

400 1566 511 1633 ille
548 1568 762 1631 cultus
790 1570 894 1632 tot
918 1567 1241 1631 nobilium
1267 1567 1575 1650 virorum,
1609 1569 1712 1631 tot
1738 1566 2092 1631 illustrium
2121 1565 2524 1649 feminarum,
2556 1586 2752 1631 aurea

295 1675 360 1723 11
400 1676 577 1740 vasa,
622 1656 801 1721 aurei
838 1656 1023 1739 freni,
1066 1656 1487 1721 tabernacula
1522 1655 1728 1739 regali
1767 1650 2250 1740 magnificentia
2287 1657 2536 1739 ornata,
2573 1654 2748 1719 vehi-

399 1744 545 1808 cula
590 1765 847 1829 quoque
892 1766 933 1807 a
978 1745 1111 1809 suis
1158 1744 1484 1828 destituta,
1529 1744 1818 1828 ingentis
1866 1743 2236 1827 opulentiae
2281 1744 2500 1826 plena,
2545 1743 2748 1808 facies

398 1832 597 1897 etiam
626 1833 1089 1917 praedantibus
1116 1833 1346 1916 tristis,
1372 1833 1432 1897 si
1450 1854 1580 1917 qua
1595 1855 1698 1897 res
1723 1832 2066 1897 avaritiam
2085 1835 2474 1897 moraretur..
2496 1831 2749 1917 Quippe

397 1925 501 1987 tot
545 1944 862 1990 annorum
914 1922 1277 1987 incredibili
1332 1926 1399 1985 et
1449 1921 1646 1985 fidem
1703 1920 2047 1986 excedente
2099 1920 2367 1985 fortuna
2421 1921 2749 1985 cumulata

395 2014 549 2087 tunc
596 2012 729 2075 alia
773 2011 1085 2094 stirpibus
1130 2012 1433 2094 lacerata,
1478 2010 1611 2076 alia
1655 2010 1724 2073 in
1761 2030 2028 2073 caenum
2067 2009 2362 2080 demersa
2397 2009 2747 2073 cerneban-

294 2118 357 2167 12
397 2104 529 2164 tur:
599 2122 733 2165 non
798 2099 1205 2164 sufficiebant
1274 2098 1728 2182 praedantium
1801 2119 2029 2161 manus
2090 2097 2387 2180 praedae.
2479 2098 2744 2181 Iamque
2768 2096 2856 2162 35

398 2187 599 2251 etiam
647 2187 728 2251 ad
774 2208 905 2270 eos,
950 2187 1062 2271 qui
1107 2188 1301 2269 primi
1344 2186 1670 2269 fugerant,
1715 2187 1979 2264 ventum
2027 2187 2183 2249 erat.
2261 2183 2568 2251 Feminae
2615 2186 2747 2270 ple-

397 2296 632 2359 raeque
685 2296 919 2357 parvos
978 2274 1315 2338 trahentes
1370 2272 1612 2339 liberos
1667 2273 1876 2337 ibantz
1934 2273 2107 2338 inter
2163 2295 2324 2356 quas
2379 2278 2514 2337 tres
2569 2274 2748 2338 fuere

398 2363 703 2448 virgines,
740 2361 919 2445 Ochi,
956 2362 1069 2446 qui
1106 2366 1257 2426 ante
1294 2361 1577 2427 Dareum
1614 2364 2019 2446 regnaverat,
2053 2360 2244 2446 filiae,
2295 2361 2450 2435 olim
2490 2362 2749 2448 quidem

398 2473 477 2516 ex
522 2451 787 2536 fastigio
823 2454 1100 2535 paterno
1138 2472 1354 2516 rerum
1389 2450 1752 2517 mutatione
1789 2451 2136 2530 detractae,
2173 2450 2288 2515 sed
2325 2455 2467 2516 tum
2505 2456 2748 2518 sortem

470 2702 521 2751 ’1.
570 2695 967 2765 Gaugabas,
1024 2694 1269 2750 Satzbau
1319 2695 1425 2750 wie
1471 2701 1521 2750 3.

400 2773 483 2823 19.
533 2797 599 2808 --
644 2767 1017 2834 effuderat,
1062 2767 1175 2835 vgl.
1224 2771 1275 2820 8.
1330 2771 1413 2820 13.
1452 2773 1521 2822 23

396 2841 481 2907 eff.
510 2840 752 2906 imbrem,
796 2843 847 2893 4.
882 2844 964 2892 12.
993 2843 1063 2892 20
1093 2839 1178 2905 eff.
1210 2839 1513 2906 ealiyinem,

400 2910 585 2964 Schon
614 2909 733 2964 Liv.
762 2909 1002 2963 braucht
1028 2909 1245 2976 effmcdi
1272 2908 1518 2965 ahnlich.

400 3011 465 3020 ——
503 2986 637 3035 tum
683 2981 1052 3048 adstricta,
1097 2979 1203 3034 wie
1240 2985 1356 3034 tum
1392 2981 1521 3034 mi-

398 3068 585 3107 versae
612 3057 660 3106 2.
694 3057 776 3119 10,
814 3057 931 3106 tum
967 3052 1309 3119 adyravante
1344 3053 1521 3105 unten

398 3128 429 3188 g
469 3127 534 3176 12
575 3147 642 3168 ===
688 3122 945 3192 ger'ade
993 3121 1273 3176 damals.
1304 3139 1392 3160 ·—
1440 3123 1521 3176 li·

399 3194 687 3248 centiam
720 3194 975 3261 faceret
1002 3217 1071 3239 ==
1108 3193 1266 3246 daret
1297 3193 1519 3260 praebe-

398 3269 483 3318 ret
524 3264 672 3318 nach
720 3263 996 3332 Analogie
1042 3279 1153 3317 von
1198 3267 1522 3332 pota-*tatem

397 3336 592 3401 facere.
667 3333 794 3404 Vgl.
834 3335 1011 3390 locam
1044 3334 1243 3401 facere,
1284 3337 1331 3387 1.
1371 3339 1421 3388 4.

470 3410 520 3462 8.
558 3405 930 3460 intentiore
965 3421 1149 3470 cara,
1182 3401 1307 3458 eine
1336 3402 1519 3458 Livia-

397 3475 591 3531 nische
618 3475 859 3544 Formel,
894 3475 1040 3530 auch
1070 3479 1121 3528 4.
1156 3479 1239 3528 13.
1272 3481 1299 3528 1
1340 3490 1393 3530 u.
1436 3480 1519 3529 11.

470 3553 520 3602 9.
558 3548 707 3616 quis
732 3547 853 3602 sab
880 3547 1225 3614 oneriba83
1254 3547 1514 3600 komtru-

395 3617 536 3672 iere:
584 3618 799 3672 omissis
834 3633 1008 3684 ouer„
1051 3618 1153 3671 sab
1196 3617 1319 3686 quis
1355 3621 1515 3672 erant

394 3706 447 3744 u.
486 3707 528 3744 s.
566 3688 629 3742 E.
670 3693 753 3742 55.
812 3687 1033 3742 Ebenso
1069 3687 1147 3742 ist
1182 3689 1327 3742 oben
1354 3695 1406 3743 3.
1444 3693 1513 3742 23

394 3760 495 3818 das
532 3759 959 3814 substantivum
1004 3759 1065 3813 in
1110 3759 1218 3814 den
1260 3757 1512 3815 Relativ·

396 3833 515 3886 satz
551 3845 817 3902 gezogeu.

469 3908 552 3956 10.
598 3902 797 3972 quasi
825 3942 837 3955 .
869 3943 883 3958 .
912 3901 1360 3970 conterritus,
1403 3898 1513 3954 wie

396 3978 426 4038 ξ
472 3978 503 4027 5
550 3991 600 4043 q.
644 3974 837 4040 fidem,
884 4002 951 4012 —
996 3973 1356 4036 simulans,
1407 3971 1516 4025 mit

396 4043 521 4098 dem
559 4043 717 4112 Folg.
756 4060 825 4096 zu
861 4043 1167 4097 verbinden
1201 4067 1269 4087 ==
1312 4040 1511 4096 ‘durch

397 4113 549 4166 scine
568 4113 1032 4169 heuchlerischen
1042 4111 1513 4182 Kundgebungen

397 4182 493 4235 der
514 4185 736 4252 Angst’.
785 4183 1061 4240 Vermutl.
1092 4183 1228 4237 aber
1266 4201 1373 4236 nur
1392 4198 1510 4236 ver·

398 4251 690 4307 schrieben
726 4271 829 4309 aus
866 4255 1081 4310 eiulans
1117 4255 1182 4322 (s.
1228 4259 1311 4307 12.
1349 4257 1419 4322 4).
1446 4283 1506 4294 --
1536 4293 1541 4298 -

393 4321 737 4406 stipendio
766 4327 1033 4396 ingenti
1060 4325 1227 4380 naml.
1243 4325 1509 4380 solvendo.

1630 2681 1784 2751 Uber
1819 2696 1929 2750 den
1964 2695 2136 2752 Dativ
2170 2695 2234 2753 E.
2275 2702 2361 2752 80.
2400 2695 2752 2764 Stipendium
2849 2661 2854 2666 ἱ

1630 2767 1748 2823 bez.
1785 2766 1908 2824 hier
1945 2765 2610 2830 die-Gesamtsumme
2648 2765 2752 2820 der

1629 2855 1696 2892 zu
1734 2839 2047 2894 zahlenden
2082 2837 2372 2906 Lbhnung.
2552 2892 2556 2896 .

1705 2915 1788 2965 11.
1847 2910 2087 2977 facin,
2125 2909 2458 2978 Apposition
2503 2925 2576 2968 zu
2617 2907 2747 2961 dem

1627 2981 2124 3050 vorhergehenden
2152 2978 2588 3048 Polysyndeton.
2632 2978 2748 3032 Das

1627 3051 1794 3105 Wort
1827 3051 2002 3116 facies
2031 3074 2102 3096 ε·-
2138 3049 2460 3114 Anblick,
2499 3048 2652 3100 Bild
2697 3064 2746 3102 c..

1629 3138 1756 3190 gen.
1793 3121 1970 3175 findet
2005 3120 2124 3174 sich
2165 3119 2249 3173 oft
2283 3118 2378 3190 bei
2411 3117 2468 3172 C.
2509 3147 2577 3178 -.-
2612 3119 2744 3171 tri-

1629 3191 1782 3256 stis,
1825 3191 1886 3244 si
1933 3229 1946 3243 .
1993 3228 2008 3241 .
2055 3193 2461 3255 moraretur,
2516 3186 2746 3247 Konstr,

1628 3261 1736 3316 wie
1771 3267 1823 3316 2.
1864 3266 1949 3315 17.
2006 3290 2074 3300 --
2119 3260 2325 3327 fidem
2359 3257 2745 3326 momente,-

1608 3333 1958 3388 ·eoecedere===
1977 3346 2238 3400 superare
2266 3347 2310 3384 c.
2341 3344 2457 3383 acc.
2487 3327 2597 3382 seit
2623 3327 2742 3384 Liv.

1627 3403 1707 3457 im
1762 3402 2072 3458 Gebrauch.
2156 3401 2262 3456 Die
2323 3398 2584 3473 Stellung
2649 3400 2748 3455 der

1627 3473 1966 3544 Apposition
2015 3471 2118 3526 wie
2166 3478 2212 3526 6.
2261 3475 2296 3524 8
2345 3489 2399 3526 u.
2436 3488 2538 3526 aw.
2612 3465 2743 3541 vgl.

1623 3545 1892 3614 fibrigens
1911 3542 2058 3598 Vell.
2080 3549 2130 3598 2.
2152 3548 2219 3597 41
2251 3559 2414 3612 super
2439 3542 2742 3598 humanam

1621 3622 1884 3672 ‘natm-am
1921 3621 1971 3669 et
2004 3615 2210 3682 fidem
2245 3615 2740 3669 evectum—stir-

1613 3689 1822 3756 pibus
1859 3686 1911 3740 d.
1939 3685 1977 3742 i.
2008 3683 2186 3740 durch
2222 3685 2313 3740 die
2335 3685 2638 3740 Straucher
2675 3687 2738 3752 (s.

1621 3765 1673 3812 4.
1721 3763 1770 3813 9.
1822 3757 1939 3826 10),
2005 3755 2284 3813 zwischen
2339 3757 2592 3812 welchen
2618 3810 2622 3815 ,
2647 3755 2738 3809 die

1620 3827 1968 3952 {lichenden
2014 3829 2134 3882 sich
2181 3825 2746 3896 hindurchgedrangt‘

1657 3901 1836 3955 atten.

1696 3975 1779 4025 12.
1862 3969 2166 4036 feminae.
2240 3953 2578 4023 Ubersetzez
2642 3964 2735 4020 die

1619 4041 1842 4094 Frauen
1871 4042 2056 4110 (unter
2076 4040 2268 4108 ihnen)
2300 4038 2524 4092 ffihrten
2554 4036 2735 4090 mehr-

1619 4112 1753 4166 fach
1809 4111 1955 4166 auch
2006 4110 2194 4165 kleine
2249 4109 2460 4162 Kinder
2513 4125 2586 4162 an
2637 4107 2736 4161 der

1619 4183 1812 4249 Hand3
1851 4181 1966 4250 vgl.
1996 4181 2116 4236 Liv.
2148 4187 2198 4236 6.
2229 4185 2279 4233 3.
2309 4184 2344 4232 4
2367 4183 2587 4246 nepotes
2623 4179 2734 4232 exi-

1621 4255 1689 4307 lii-
1733 4253 1947 4308 comites
1999 4252 2376 4306 trahebantur.
2427 4278 2496 4290 -—-
2547 4247 2710 4304 Ochi
2720 4290 2738 4316 ,

1619 4323 1806 4392 Konig
1827 4341 1937 4379 von
1956 4325 2256 4376 359-338,
2292 4319 2411 4377 Ans
2431 4320 2533 4375 ihu
2558 4320 2738 4391 folgte
