3069 4749
833 145 1339 200 ffls'romARUM
1376 145 1801 202 ALEXANDRI
1836 150 1930 214 IV,
1972 152 2055 203 10.
2098 151 2182 203 ιι.
2562 144 2689 211 149

341 310 456 375 sed
504 310 702 374 etiam
759 309 1038 374 eiulatus
1092 310 1255 375 totis
1310 310 1543 375 castri·
1602 308 2087 375 exaudiebatur.
2176 307 2315 373 Nec
2370 308 2696 374 dubitavit

339 398 614 482 Dareus,
662 398 819 482 quin
864 398 1207 463 interfecta
1254 402 1444 483 esset,
1483 400 1638 484 quia
1672 399 2009 483 nequisset
2046 398 2503 463 contumeliam
2549 419 2692 483 per-

339 489 497 574 peti,
545 487 994 572 exclamatque
1031 509 1255 553 amens
1296 488 1549 554 dolore:
1596 486 1807 563 ‘Quod
1848 509 1971 573 ego
2001 490 2265 565 ,tantum
2300 486 2484 551 nefas
2523 508 2695 551 com-

339 578 510 660 misi,
557 575 970 641 Alexander?
1019 598 1210 661 quem
1257 580 1517 641 tuorum
1564 577 2099 662 propinquorum,
2124 577 2367 658 necavi,
2406 579 2482 639 ut
2525 576 2697 641 hanc

340 667 546 732 vicem
591 667 870 730 redderes
915 666 1222 731 saevitiae
1281 666 1510 730 meae?
1604 665 1817 731 Odisti
1860 687 1994 749 me,
2044 687 2177 729 non
2234 665 2495 749 quidem
2549 686 2695 749 pro-

340 759 642 821 vocatus:
703 754 817 819 sed
873 754 1081 839 finge,
1137 756 1385 820 iustum
1431 754 1733 819 intulisse
1778 758 1845 818 te
1906 754 2179 837 bellum,
2233 775 2380 818 cum
2434 753 2696 817 feminis

345 864 498 929 ergo
555 862 753 927 agere
810 840 1196 909 debueras?
1289 843 1593 928 Tyriotes
1653 843 1995 908 adfirmare
2050 864 2168 927 per
2234 842 2391 908 deos
2445 842 2694 926 patrios
2733 854 2803 903 30

344 932 509 999 nihil
556 933 629 996 in
675 954 818 996 eam
868 932 1132 1018 gravius
1181 953 1324 997 esse
1372 932 1766 997 consultum:
1814 932 2209 1016 ingemuisse
2256 931 2455 997 etiam
2502 930 2697 995 Alex·

345 1021 620 1087 andrum
666 1021 866 1085 morti
921 1025 987 1085 et
1042 1042 1176 1085 non
1231 1022 1488 1105 parcius
1545 1021 1826 1102 flevisse,
1883 1043 2080 1105 quam
2124 1022 2265 1106 ipse
2310 1020 2698 1085 lacrimaret.

346 1110 447 1175 Ob
493 1110 659 1173 haec
692 1110 838 1193 ipsa
877 1110 1155 1175 amantis
1194 1110 1450 1175 animus
1487 1111 1555 1173 in
1596 1109 2094 1175 sollicitudinem
2135 1110 2696 1195 suspicionemque
2736 1119 2803 1169 31

343 1199 678 1264 revolutus
751 1201 874 1277 est,
942 1198 1332 1263 desiderium
1406 1201 1705 1285 captivae
1778 1198 2073 1282 profecto
2138 1221 2178 1264 a
2241 1199 2699 1264 consuetudine

346 1287 554 1372 stupri
601 1290 815 1351 ortum
864 1308 1006 1353 esse
1067 1287 1457 1353 coniectans.
1550 1286 1903 1353 Summotis
1959 1288 2164 1373 igitur
2218 1288 2514 1372 arbitris,
2568 1309 2698 1353 uno
2736 1298 2804 1347 32

347 1376 687 1441 dumtaxat
732 1376 1004 1460 Tyriote
1049 1379 1330 1458 retento,
1375 1376 1510 1441 iam
1534 1373 1689 1443 ‘non
1732 1376 1923 1461 flenS,
1980 1376 2094 1441 sed
2143 1377 2509 1460 suspirans,
2554 1375 2699 1441 ‘Vi-

347 1463 585 1543 desne'‚
633 1466 876 1549 inquit,
921 1464 1218 1549 ‘Tyriote
1229 1516 1247 1549 ,
1293 1466 1508 1531 locum
1557 1465 1895 1532 mendacio
1938 1487 2072 1530 non
2130 1466 2315 1530 esse?
2374 1468 2701 1531 tormenta

344 1554 477 1619 iam
522 1554 630 1618 hic
676 1558 894 1617 erunt:
952 1553 1062 1619 sed
1109 1575 1190 1618 ne
1238 1555 1677 1639 expectaveris
1723 1577 1838 1638 per
1884 1554 2069 1637 deos,
2132 1555 2190 1618 si
2234 1554 2388 1639 quid
2432 1554 2556 1618 tibi
2600 1555 2701 1618 tui

346 1642 522 1728 regis
569 1642 972 1707 reverentiae
1021 1646 1145 1707 est:
1199 1664 1389 1727 num,
1445 1644 1620 1727 quod
1666 1647 1734 1707 et
1790 1644 1951 1707 scire
1998 1646 2231 1727 expeto
2280 1647 2347 1708 et
2392 1662 2700 1729 quaerere

344 1732 561 1817 pudet,
611 1753 808 1796 ausus
857 1736 960 1795 est
1005 1735 1072 1795 et
1116 1731 1416 1797 dominus
1464 1736 1532 1796 et
1576 1730 1899 1797 iuvenis?
1984 1731 2107 1797 Ille
2152 1732 2517 1817 quaestioni
2563 1753 2697 1797 cor·
2737 1741 2805 1791 33

347 1840 470 1904 pus
519 1819 772 1901 offerre,
819 1820 972 1885 deos
1009 1823 1215 1885 testes
1255 1821 1576 1900 invocare,
1614 1824 1790 1886 caste
1831 1823 2181 1905 sancteque
2227 1820 2522 1885 habitam
2560 1840 2699 1885 esse

346 1910 662 1993 reginam.
733 1908 1024 1973 Tandem
1071 1913 1146 1974 ut
1188 1909 1348 1973 fides
1385 1907 1565 1974 facta
1602 1914 1703 1974 est
1737 1932 1892 1975 vera
1926 1930 2087 1992 esse,
2125 1930 2290 1994 quae
2328 1910 2699 1973 adfirmaret
2736 1917 2808 1967 34

347 1998 579 2081 spad0,
635 1997 847 2081 capite
893 1999 1108 2062 velato
1156 1998 1266 2062 diu
1310 1998 1496 2063 flevit
1552 1998 2093 2081 manantibusque
2140 1997 2351 2063 adhuc
2396 1997 2702 2080 lacrimiS,
2824 2038 2837 2081 ἃ

345 2090 528 2151 veste
575 2086 658 2150 ab
707 2107 818 2149 ore
865 2087 1130 2165 reiecta,
1187 2086 1269 2153 ad
1326 2087 1579 2152 caelum
1634 2109 1869 2153 manus
1928 2087 2228 2172 tendens,
2286 2086 2405 2152 ‘Di
2449 2084 2701 2171 patrii',
2832 2084 2838 2100 '

346 2175 578 2259 inquit,
625 2174 934 2258 ‘primum
979 2175 1143 2240 mihi
1189 2176 1481 2241 stabilite
1527 2196 1831 2261 regnum:
1886 2175 2144 2260 deinde,
2190 2176 2249 2241 si
2294 2176 2371 2240 de
2418 2197 2523 2239 me
2567 2175 2703 2239 iam

347 2266 772 2329 transactum
804 2267 933 2348 est,
986 2286 1244 2348 precor,
1299 2286 1381 2329 ne
1437 2264 1583 2349 quis
1638 2266 1859 2348 potius
1915 2264 2112 2331 Asiae
2166 2287 2280 2330 rex
2336 2265 2448 2351 sit,
2505 2286 2701 2349 quam

345 2352 475 2419 iste
520 2355 659 2417 tam
705 2352 916 2418 iustus
961 2352 1191 2436 hostis,
1236 2356 1374 2419 tam
1421 2354 1791 2421 misericors
1838 2353 2086 2421 victor?

1365 2581 1526 2650 Off.
1572 2583 1687 2650 XI.

236 2723 326 2789 43
525 2724 772 2811 Itaque,
811 2747 1204 2810 quamquam
1241 2725 1488 2791 frustra
1523 2748 1683 2810 pace
1721 2726 1823 2792 bis
1853 2729 2061 2810 petita
2090 2727 2311 2791 omnia
2346 2727 2416 2790 in
2452 2727 2700 2792 bellum
2740 2736 2769 2786 1

345 2813 622 2880 consilia
668 2818 1095 2897 converterat,
1138 2814 1352 2879 victus
1398 2819 1620 2880 tamen
1666 2815 2071 2880 continentia
2114 2814 2328 2880 hostis
2368 2815 2449 2881 ad
2495 2836 2699 2879 novas

343 2904 526 2987 pacis
590 2903 1002 2968 condiciones
1060 2902 1363 2967 ferendas
1421 2923 1472 2968 x
1517 2905 1797 2988 legatos,
1861 2906 2290 2988 cognatorum
2351 2902 2697 2986 principes,

343 2991 550 3056 misit:
607 3013 770 3076 quos
828 2991 1198 3056 Alexander
1251 2992 1522 3056 consilio
1580 2993 1899 3058 advocato
1954 2991 2283 3056 introduci
2340 2991 2548 3055 iussit.
2637 2989 2695 3055 E
2735 3004 2769 3052 2

347 3080 582 3164 quibus
628 3080 952 3146 maximus
997 3084 1179 3166 natu,
1225 3078 1601 3164 ‘Dareum’,
1648 3080 1886 3168 inquit,
1933 3079 2042 3145 ‘ut
2084 3101 2313 3165 pacem
2360 3103 2399 3146 a
2443 3083 2509 3144 te
2565 3079 2699 3144 iam
2724 3147 2748 3170 .

2422 3271 2433 3282 ⁹
2448 3273 2692 3292 ¹*Wn

415 3329 502 3379 29.
531 3326 894 3394 nequisset,
918 3326 1052 3380 weil
1068 3325 1149 3380 sie
1168 3325 1291 3380 sich
1307 3324 1469 3381 nicht
1648 3332 1733 3380 34.
1773 3326 1961 3393 facta
1996 3331 2117 3394 est,
2153 3305 2701 3395 nam'sT‘D'oereo‘,-“‹i{}

347 3394 490 3449 dazu
526 3396 864 3451 verstanden
898 3394 1064 3466 habe,
1093 3397 1466 3465 Unwfirdiges
1573 3395 1873 3451 Ausdruck
1920 3398 2026 3452 wie
2064 3403 2115 3453 9.
2157 3404 2240 3453 11.
2279 3427 2347 3439 —
2381 3399 2699 3467 primum,

343 3483 414 3520 zu
440 3464 703 3522 erleiden.
735 3497 803 3508 --
831 3469 1066 3535 vicem,
1095 3469 1209 3537 vgl.
1233 3466 1335 3524 Ov.
1355 3483 1464 3522 am.
1576 3467 1703 3522 dem
1743 3467 1915 3522 Sinne
1950 3468 2096 3522 nach
2144 3485 2207 3524 so
2257 3469 2373 3523 viel
2417 3469 2549 3524 wiez
2600 3486 2698 3524 wo

347 3542 396 3592 1.
426 3543 474 3591 6.
506 3542 574 3592 23
601 3539 766 3592 redde
788 3539 958 3593 vicem
985 3540 1208 3594 meritis.
1240 3569 1308 3580 --
1333 3553 1468 3594 non
1574 3537 1893 3608 moglich.
1966 3537 2042 3592 Es
2090 3556 2206 3594 war
2252 3539 2371 3595 dies
2416 3539 2699 3595 natfirlich

341 3609 631 3680 quidem,
686 3607 949 3678 Stellung
1001 3609 1107 3665 wie
1164 3617 1213 3664 3.
1257 3614 1337 3663 11.
1380 3614 1463 3665 10.
1577 3609 1695 3662 sein
1746 3607 2009 3663 nachster
2052 3610 2170 3664 und
2216 3613 2394 3667 erster
2431 3612 2697 3666 Wunsch.

344 3679 961 3805 {ossqdrs'snamiiiffi
1004 3697 1160 3747 rem,
1207 3679 1468 3807 (1οὲὶέῑὲεὴ
1577 3678 1731 3762 Gganz
1757 3678 1999 3806 ‘allilnlfiicp
2034 3680 2172 3736 lasst
2204 3681 2407 3738 Arrian
2444 3682 2553 3738 den
2587 3681 2697 3734 Da·

578 3769 596 3803 1
721 3769 758 3804 u
885 3768 1020 3806 erun
1110 3768 1222 3806 von
1307 3769 1332 3804 e
1416 3769 1467 3806 m
1573 3768 1690 3806 nus
1726 3769 1806 3805 sic
1918 3769 1955 3806 u
1980 3768 2124 3807 sem.

341 3819 608 3888 moglich,
629 3821 704 3875 da
725 3769 922 3877 bglliwm
948 3769 1107 3892 ayegre
1138 3822 1306 3878 keine
1325 3839 1466 3893 ganz

343 3892 810 3960 ungewohnliche
833 3893 1218 3977 ‘Verbindung
1253 3893 1345 3948 ist.
1996 3928 2135 3984 Kn-
2172 3929 2253 3984 XI

413 3968 499 4017 32.
528 3970 880 4019 summotus
901 4004 913 4017 .
937 4006 950 4018 .
969 3970 1253 4033 retento,
1275 3964 1466 4022 starke
2256 3971 2268 3985 ⁶

342 4033 696 4102 Tautologie.
735 4065 806 4076 ·-
854 4036 986 4090 tibi
1037 4035 1128 4089 fiir
1181 4037 1246 4089 in
1299 4041 1374 4102 te,
1421 4052 1462 4089 s.
1649 4040 1697 4090 1.
1736 4033 1835 4090 bis
1872 4052 1915 4090 s.
1948 4041 1996 4089 1.
2030 4042 2060 4091 ’1
2100 4053 2152 4091 u.
2182 4042 2230 4091 5.
2266 4041 2321 4104 13
2359 4033 2563 4089 ebenso
2600 4035 2695 4089 be·

342 4102 404 4158 E.
429 4111 513 4159 77.
551 4095 704 4162 Uber
739 4112 928 4176 expeto
965 4123 1011 4160 c.
1039 4107 1193 4162 infin.
1224 4123 1268 4164 s.
1297 4106 1464 4161 eben·
1572 4106 1792 4161 richten
1848 4107 1992 4162 Just.
2032 4107 2147 4160 und
2192 4106 2383 4173 Diod.;
2439 4106 2694 4175 dagegen

345 4175 463 4230 das.
505 4173 622 4234 11⁷.
1309 4199 1320 4208 ·
1573 4176 1728 4232 weiss
1782 4176 1905 4232 Art.
1954 4177 2272 4247 uberhaupt
2332 4194 2439 4230 nur
2491 4193 2605 4232 von
2659 4183 2691 4232 2

415 4253 499 4303 38.
556 4248 969 4319 quaestioni,
1026 4265 1143 4302 zur
1203 4245 1464 4317 Folter‚
1573 4247 2321 4316 Friedensverhandlungen.
2352 4277 2420 4288 —
2449 4264 2693 4319 cayna·

345 4317 450 4372 wie
485 4321 679 4387 offerre
713 4336 770 4375 se
796 4319 1079 4389 perieulis.
1572 4325 1813 4388 torum,
1854 4336 1895 4374 s.
1932 4317 2079 4373 Anh.
2116 4320 2157 4374 I.
2200 4325 2246 4374 1.
