3069 4749
481 129 613 195 226
1408 129 1471 193 Q.
1510 128 1735 185 CURTI
1771 130 1946 187 RUFI

480 298 571 359 est
621 291 804 359 Susis
812 290 867 381 Β)
921 298 979 359 et
1034 293 1286 377 Tiqride
1337 312 1520 357 amne
1574 293 1938 358 transmisso
1991 294 2164 375 apud
2215 291 2416 360 Caras
2466 298 2667 359 castra
2707 314 2816 358 me·

482 386 649 447 tatus
700 387 821 447 est:
876 383 1021 447 inde
1072 382 1420 463 quadriduo
1462 401 1583 464 per
1626 379 1973 446 Sittacenen
2027 382 2228 447 ductis
2280 383 2472 465 copiis
2515 380 2818 447 Sambana

468 472 790 555 processit,
863 470 972 535 ubi
1018 490 1139 553 per
1198 475 1420 553 septem
1482 470 1616 535 dies
1677 471 1948 551 quietum
2007 490 2228 554 aymen
2301 471 2508 535 tenuit.
2609 470 2818 535 Tridui

480 560 696 625 deinde
739 560 959 623 itinere
1000 578 1237 624 emenso
1274 556 1534 624 Celonas
1567 562 1926 640 perventum
1969 563 2072 623 est.
2147 558 2458 641 Opffidum
2493 558 2602 624 hoc
2637 563 2822 623 tenent

480 647 746 714 Boeotia
797 648 1083 731 profecti,
1150 667 1300 730 quos
1353 647 1595 713 Xerxes
1650 647 1890 711 sedibus
1941 648 2074 713 suis
2127 649 2350 713 excitos
2402 649 2472 713 in
2529 646 2820 711 Orientem

482 736 819 803 transtulit.
921 734 1378 818 Servabantque
1430 740 1864 819 arqumentum
1909 737 2170 818 oriyinis
2214 736 2520 819 peculiari
2563 754 2821 801 sermone

482 846 556 891 ex
610 823 871 891 Graecis
914 825 1275 907 plerumque
1325 824 1570 889 vocibus
1623 828 1968 897 constante·
2021 830 2284 889 ceterum
2337 826 2410 890 ob
2459 825 2820 890 commercio-

480 934 626 979 rum
669 914 1079 979 necessitatem
1122 914 1534 993 finitimorum
1571 912 1976 978 barbarorum
2015 914 2232 996 linqua
2267 913 2610 979 utebantur.
2677 912 2822 977 Inde

482 1002 875 1085 Bayistanen
948 1002 1261 1084 inqressus
1332 1006 1445 1084 est,
1514 1002 1822 1085 reqionem
1893 1002 2243 1084 opulentam
2306 1007 2365 1066 et
2423 1001 2821 1067 abundantem

352 1084 357 1089 ’
482 1090 775 1155 arborum
827 1110 1081 1155 amoeno
1134 1094 1193 1155 et
1240 1091 1500 1171 fecundo
1551 1090 1721 1170 foetu
1771 1091 2094 1172 ceterisque
2147 1092 2235 1155 ad
2281 1092 2442 1155 vitae
2483 1110 2612 1155 non
2655 1110 2823 1155 usum

482 1179 687 1262 modo,
730 1198 941 1244 verum
986 1179 1174 1243 etiam
1218 1179 1672 1244 delectationem
1704 1179 2170 1261 pertinentibus.

660 1229 1029 1333 Perventum
1074 1267 1291 1333 deinde
1332 1272 1421 1333 est
1462 1268 1536 1333 in
1579 1267 1832 1333 Mediae
1875 1287 2147 1349 campoS,
2201 1268 2309 1332 ubi
2351 1268 2622 1332 maximi
2664 1286 2822 1349 equo·

482 1376 628 1421 rum
656 1375 865 1440 yreyes
894 1356 1327 1437 pascebantur.
1391 1352 1708 1441 Nisaeos³)
1735 1356 2068 1440 appellant,
2103 1357 2534 1439 maynitudine
2567 1360 2626 1421 et
2649 1356 2826 1439 specie

484 1445 773 1529 insiqnes.
862 1444 1075 1527 Supra
1122 1445 1578 1527 quinquaqinta
1622 1445 1804 1509 milia
1847 1444 1937 1509 ibi
1977 1450 2245 1528 reperta,
2299 1464 2440 1510 cum
2483 1444 2827 1510 Alexander

483 1554 550 1599 eo
595 1535 914 1617 transiret,
959 1554 1003 1597 a
1048 1534 1366 1599 comitibus
1410 1533 1585 1598 illius
1629 1534 1994 1597 adnotatum
2037 1538 2158 1599 est:
2209 1534 2359 1598 olim
2405 1534 2594 1616 triplo
2626 1534 2826 1617 plures

480 1623 704 1707 fuisse,
758 1624 866 1687 sed
919 1623 1082 1687 inter
1136 1622 1429 1687 bellorum
1484 1622 1698 1687 turbas
1741 1623 2090 1687 maximam
2133 1642 2342 1687 eorum
2379 1626 2628 1703 partem
2667 1642 2825 1705 prae·

484 1712 669 1777 dones
711 1710 993 1793 abeyisse.
1075 1710 1188 1776 Ad
1227 1712 1491 1794 triqinta
1530 1712 1660 1775 dies
1703 1710 1792 1775 ibi
1836 1710 2108 1776 substitit
2147 1730 2275 1775 rex.
2363 1711 2462 1775 Eo
2507 1710 2826 1794 Atropates

484 1800 737 1865 Mediae
770 1804 1029 1881 satrapa
1064 1804 1307 1865 centum
1350 1799 1652 1865 barbaras
1685 1799 1972 1864 mulieres
2015 1800 2278 1865 adduxit
2320 1800 2644 1881 equitandi
2673 1799 2825 1881 peri-

486 1894 583 1955 tas
613 1888 915 1971 peltisque
947 1892 1005 1953 et
1037 1888 1349 1953 securibus
1383 1892 1696 1957 armatas:
1742 1889 1906 1953 unde
1940 1890 2197 1969 quidam
2233 1889 2623 1953 crediderunt
2646 1888 2825 1952 Ama-

483 1996 709 2043 zonum
742 1996 820 2042 ex
848 1981 1025 2060 ¹qente
1058 1977 1355 2058 reliquias
1387 1976 1598 2056 fuisse.
1681 1976 1974 2059 Septimis
2007 1978 2222 2042 deinde
2257 1978 2476 2042 castris
2510 1978 2826 2042 Ecbatana

484 2066 716 2150 attigit,
767 2065 1019 2131 Mediae
1070 2070 1272 2147 caput.
1369 2065 1479 2130 Ibi
1528 2066 1855 2131 sollemnia
1905 2066 2032 2131 diis
2082 2066 2396 2147 sacrificia
2442 2066 2594 2146 fecit
2645 2066 2826 2131 ludos-

485 2175 601 2258 que
646 2154 839 2219 edidit
880 2158 940 2218 et
980 2156 1053 2219 in
1096 2154 1378 2219 convivia
1418 2154 1720 2236 festosque
1761 2155 1894 2219 dies
1937 2155 2176 2220 laxavit
2218 2155 2527 2233 animum,
2584 2159 2656 2219 ut
2696 2172 2827 2219 mox

485 2245 556 2308 in
599 2245 895 2309 novorum
939 2262 1191 2325 operum
1234 2263 1451 2308 curam
1500 2248 1682 2325 atque
1725 2244 2076 2309 ministeria
2111 2242 2378 2309 validior
2411 2244 2825 2309 intenderetur

486 2330 611 2399 Sed
652 2332 775 2398 ista
818 2331 1173 2415 volventem,
1216 2331 1381 2397 velut
1422 2332 1650 2408 iniecta
1691 2352 1914 2417 manu,
1956 2332 2164 2413 fatum
2207 2332 2336 2398 alio
2383 2334 2588 2398 traxit
2619 2333 2826 2401 vitam-

484 2422 2235 2592 ἕῖηΐῖωἶὶψὲωῑῗῖἶᾭαὲἒᾞὶὲᾝὲἶῒᾶἷῖ,
2268 2440 2826 2576 wsmwsszzssttt

485 2599 732 2700 deficere
765 2597 1308 2681 Hephaestionem,
1352 2599 1464 2679 qui
1506 2598 1718 2664 morbo
1759 2618 1835 2663 ex
1877 2599 2138 2681 crapula
2173 2603 2480 2664 contracto
2513 2601 2825 2682 septimum

484 2688 618 2751 iam
662 2687 825 2751 diem
867 2686 1235 2768 aeyrotabat.
1324 2686 1685 2752 Exterritus
1729 2687 1918 2752 amici
1949 2688 2230 2769 periculo
2273 2689 2486 2752 statim
2531 2686 2828 2770 consuryit

486 2781 543 2840 et
586 2776 673 2841 ad
712 2774 1047 2858 hospitium
1090 2775 1266 2841 illius
1308 2776 1580 2840 celeriter
1617 2776 1851 2858 peryit:
1895 2797 2085 2858 neque
2131 2781 2336 2841 tamen
2363 2779 2556 2878 prius
2599 2798 2664 2842 eo
2695 2795 2823 2860 per-

484 2858 672 2948 venit,
734 2885 925 2946 quam
978 2863 1159 2929 illum
1211 2884 1379 2930 mors
1432 2869 1791 2946 occupasset.
1883 2864 1971 2928 Id
2020 2867 2150 2947 reyi
2203 2866 2507 2950 omnium,
2561 2885 2716 2948 quae
2764 2863 2825 2927 in

484 2955 615 3018 vita
646 2954 1016 3037 pertulerat,
1062 2954 1457 3018 adversorum
1502 2953 2022 3018 luctuosissimum
2066 2954 2352 3018 accidisse
2401 2959 2632 3018 certum
2665 2953 2824 3018 habe-

488 3047 591 3108 tur
644 3063 896 3125 eumque
948 3042 1374 3126 maynitudine
1426 3041 1656 3108 doloris
1706 3043 1778 3106 in
1833 3043 2125 3107 lacrimas
2179 3047 2236 3106 et
2290 3043 2560 3108 lamenta
2613 3043 2824 3108 victum

485 3131 686 3196 multa
728 3132 931 3195 animi
974 3133 1047 3196 de
1084 3131 1290 3214 yradu
1334 3131 1546 3195 deiecti
1583 3135 1952 3212 aryumenta
1985 3131 2258 3195 edidisse.
2332 3130 2457 3196 Sed
2488 3152 2562 3196 ea
2597 3131 2824 3214 quidem

485 3220 656 3285 varie
700 3219 1067 3284 traduntur:
1111 3219 1275 3284 illud
1315 3220 1475 3283 inter
1511 3239 1718 3284 omnes
1753 3223 2013 3298 constat,
2057 3224 2130 3283 ut
2162 3239 2352 3300 quam
2386 3221 2824 3286 decentissimas

486 3309 773 3409 exequias
826 3309 881 3372 ei
924 3309 1187 3391 duceret,
1240 3307 1510 3374 noluisse
1561 3307 1905 3373 Ecbatanis
1958 3307 2225 3392 sepeliri,
2289 3309 2395 3373 sed
2437 3307 2824 3394 Babylonem,

486 3417 605 3479 quo
640 3395 769 3478 ipse
802 3415 1193 3462 concessurus
1227 3400 1383 3480 erat,
1422 3417 1465 3460 a
1501 3395 1798 3462 Perdicca
1833 3396 2060 3476 deferri
2095 3416 2364 3462 curasse.
2411 3396 2614 3479 ibique
2644 3397 2825 3477 funus

487 3486 770 3550 inaudito
834 3481 1089 3550 antehac
1151 3485 1419 3566 exemplo
1482 3485 1797 3550 duodecim
1862 3484 2158 3550 talentum
2219 3485 2470 3551 milibus
2535 3485 2824 3551 locavisse.

630 3661 685 3727 2)
733 3658 939 3714 Susis,
1028 3657 1195 3714 Diese
1250 3659 1483 3741 Angabe
1540 3661 1797 3728 stammt,
1852 3660 1958 3714 wie
2014 3660 2158 3714 auch
2217 3657 2308 3713 die
2357 3657 2684 3728 folgenden,
2736 3669 2823 3708 aus

486 3728 725 3798 Diodor,
772 3729 871 3784 der
916 3728 1007 3783 die
1042 3729 1317 3784 Menterei
1363 3730 1461 3784 des
1498 3730 1706 3785 Heeres
1741 3729 1901 3786 nicht
1937 3749 2004 3784 zu
2042 3731 2178 3800 Opis
2215 3746 2308 3784 am
2346 3729 2554 3798 Tigrin,
2601 3699 2824 3784 sondern

486 3819 554 3854 zu
593 3801 733 3855 Susa.
769 3800 1112 3856 ausbreohen
1156 3801 1311 3856 litent.
1386 3799 1490 3854 Die
1527 3801 1684 3870 Lage
1727 3817 1837 3856 von
1873 3799 2048 3856 Carae
2093 3799 2208 3854 und
2247 3799 2528 3854 Sambana
2571 3798 2648 3852 ist
2678 3795 2824 3851 nicht

486 3873 594 3926 mit
638 3871 953 3926 Sicherheit
996 3889 1065 3926 zu
1107 3871 1470 3938 bestimmem
1524 3872 1665 3925 fiber
1711 3871 1996 3926 Sittacene
2042 3889 2081 3925 ε.
2131 3869 2221 3924 die
2266 3872 2427 3925 Anm.
2475 3888 2542 3924 zu
2588 3875 2636 3924 ὅ.
2685 3871 2822 3922 21

488 3941 729 3998 Gelonae
778 3940 1054 4010 (canone,
1102 3941 1331 4010 Colone)
1375 3943 1450 3996 ist
1495 3942 1647 3996 wohl
1693 3941 1794 3996 das
1840 3941 2070 4010 heutige
2107 3940 2416 4008 Holwan‚
2462 3941 2698 4022 gelegen
2737 3932 2828 3990 auf

489 4013 587 4066 der
617 4013 834 4068 Strasse
862 3985 1135 4068 zwiscflen
1166 4012 1301 4082 Opis
1328 4012 1445 4066 und
1472 4013 1789 4079 Ecbatana,
1825 4012 1939 4067 und
1967 4012 2269 4082 Bagistane
2299 4011 2375 4066 ist
2393 4037 2460 4058 ==
2486 4009 2820 4065 Behistum

488 4083 748 4152 (Bisitun)
786 4100 879 4138 am
916 4083 1087 4138 obern
1125 4082 1423 4151 Choaspes.

630 4157 684 4220 3)
721 4153 1029 4236 Nisaeos.
1095 4153 1201 4208 Die
1235 4152 1513 4208 nisaische
1542 4154 1734 4208 Ebene
1769 4154 1875 4209 mit
1909 4154 2068 4208 ihren
2104 4154 2437 4210 berfihmten
2475 4148 2821 4220 kfiniglichen

486 4221 806 4277 Stutereien
842 4225 941 4294 lag
975 4225 1034 4278 in
1072 4223 1171 4278 der
1206 4222 1440 4280 Provinz
1475 4223 1714 4294 Nisaya,
1752 4227 1926 4280 etwas
1963 4223 2170 4280 abscits
2195 4242 2308 4281 von
2345 4225 2444 4280 der
2472 4224 2685 4280 Strasse
2719 4231 2822 4272 von

490 4289 627 4357 Opis
670 4292 813 4347 nach
850 4294 1155 4348 Ecbatana..
1232 4294 1534 4350 S.Arr.7.
1579 4301 1660 4350 13.
