3069 4749
397 107 524 172 182
1297 109 1361 175 Q.
1401 107 1619 164 CURTI
1654 109 1830 164 RUFI

387 292 469 334 ne
510 271 952 336 committeret
997 275 1110 336 aut
1147 273 1320 336 certe
1365 270 1657 336 differret
1694 271 2128 336 obsidionem:
2176 271 2351 336 vitae
2388 273 2526 336 eius
2572 273 2749 356 peri-

282 377 352 427 28
389 360 605 424 culum
644 360 914 425 ostendi.
986 359 1126 425 Rex
1163 359 1687 442 Demophontem
1720 397 1797 406 -
1830 361 1889 424 is
1933 381 2216 444 namque
2262 365 2445 426 vates
2482 365 2627 426 erat
2663 399 2743 408 -

389 449 666 531 intuenti,
704 446 799 514 ‘Si
837 447 1027 532 quis’,
1061 448 1292 533 inquit,
1331 446 1419 512 ‘te
1458 448 1586 514 arti
1622 452 1775 514 tuae
1812 449 2137 514 intentum
2167 450 2235 513 et
2260 452 2413 514 exta
2450 455 2751 532 spectan-

387 540 524 602 tem
562 537 656 601 sic
691 537 1086 621 interpellet,
1120 560 1253 603 non
1287 535 1598 619 dubitem,
1637 538 1795 622 quin
1830 537 2277 603 incommodus
2316 559 2392 602 ac
2429 537 2749 604 molestus

281 643 350 693 29
391 625 595 690 videri
640 625 766 692 tibi
810 625 1062 710 possit?
1134 626 1226 691 Et
1271 647 1416 690 cum
1472 625 1587 690 ille
1636 625 1754 690 ‘ita
1806 632 2086 709 prorsus·
2120 625 2437 690 futurum'
2482 647 2751 710 respon·

387 715 620 797 disset,
667 712 1060 800 ‘Censesne',
1096 715 1336 799 inquit,
1373 713 1618 778 ‘tantas
1656 736 1785 797 res,
1829 735 1963 779 non
1997 714 2316 798 pecudum
2357 715 2553 779 fibras
2594 719 2749 780 ante

388 803 610 867 oculos
667 803 938 868 habenti
990 803 1196 868 ullum
1245 824 1386 868 esse
1432 803 1642 867 maius
1689 803 2226 887 inpedimentum,
2283 825 2477 886 quam
2523 806 2749 868 vatem

280 909 348 958 30
387 892 852 975 superstitione
901 890 1232 975 captum?
1309 889 1448 956 Nec
1493 891 1765 976 diutius,
1812 913 2007 976 quam
2044 891 2407 976 respondit,
2451 897 2748 958 moratus

387 979 714 1045 admoveri
755 980 1182 1046 iubet-scalas
1221 979 1799 1064 cunctantibusque
1818 980 2070 1044 ceteris
2109 979 2327 1045 evadit
2360 981 2431 1046 in
2467 1002 2749 1046 murum.

389 1067 690 1153 Angusta
745 1069 914 1139 muri
969 1091 1209 1134 corona
1269 1071 1433 1132 erat:
1492 1090 1623 1133 non
1676 1069 1913 1152 pinnae
1969 1069 2138 1133 sicut
2192 1068 2348 1133 alibi
2400 1068 2748 1155 fastigium

387 1157 522 1221 eius
571 1157 1026 1242 distinxerant,
1081 1157 1196 1222 sed
1249 1161 1566 1240 perpetua
1619 1157 1823 1222 lorica
1870 1157 2150 1222 obducta
2203 1157 2552 1222 transitum
2610 1179 2749 1222 sae-

279 1268 345 1316 31
385 1251 626 1328 pserat.
706 1244 938 1330 Itaque
994 1267 1105 1311 rex
1161 1245 1475 1310 haerebat
1528 1245 1739 1330 magis
1795 1267 1990 1330 quam
2036 1245 2255 1310 stabat
2308 1245 2377 1309 in
2431 1247 2748 1332 margine,

389 1334 599 1418 clipeo
645 1335 927 1418 undique
971 1334 1326 1400 incidentia
1370 1333 1505 1398 tela
1549 1334 1967 1417 propulsans:
2012 1355 2165 1398 nam
2210 1334 2452 1418 ubique
2492 1336 2747 1402 eminus

281 1445 348 1493 32
389 1445 468 1486 ex
540 1423 826 1489 turribus
901 1424 1262 1507 petebatur.
1370 1422 1437 1487 N
1439 1443 1511 1488 ec
1584 1423 1801 1487 subire
1874 1422 2116 1487 milites
2189 1425 2521 1506 poterant,
2591 1426 2749 1508 quia

388 1533 666 1595 superne
708 1512 772 1576 vi
818 1513 1096 1578 telorum
1139 1510 1598 1577 obruebantur.
1678 1509 1969 1574 Tandem
2014 1511 2529 1595 magnitudinem
2576 1515 2748 1594 peri-

391 1601 517 1666 culi
552 1600 762 1683 pudor
797 1602 982 1684 vicit,
1019 1600 1253 1684 quippe
1291 1599 1641 1664 cernebant
1669 1599 2079 1665 cunctatione
2112 1621 2231 1664 sua
2266 1599 2411 1664 dedi
2446 1599 2747 1667 hostibus

281 1713 348 1762 33
387 1709 626 1774 regem.
701 1685 824 1752 Sed
869 1688 1239 1754 festinando
1282 1688 1704 1753 morabantur
1750 1687 2008 1753 auxilia.
2089 1686 2262 1752 Nam
2308 1687 2461 1752 dum
2506 1710 2625 1771 pro
2674 1711 2747 1754 se

389 1778 657 1861 quisque
687 1781 894 1843 certat
922 1778 1218 1861 evadere,
1257 1798 1608 1842 oneravere
1642 1776 1878 1860 scalae,
1918 1777 2063 1860 quis
2100 1796 2231 1841 non
2268 1776 2745 1843 sufficientibus

389 1865 676 1931 devoluti
730 1867 988 1932 unicam
1044 1887 1226 1950 spem
1271 1866 1448 1950 regis
1501 1864 1891 1940 fefellerunt.
1984 1862 2217 1930 Stabat
2262 1865 2435 1929 enim
2482 1865 2551 1930 in
2598 1889 2750 1932 con·

285 2003 292 2010 .
387 1959 615 2039 spectu
660 1956 832 2020 tanti
875 1956 1194 2020 exercitus
1241 1955 1424 2019 velut
1468 1953 1539 2017 in
1584 1953 1937 2019 solitudine
1984 1953 2395 2042 destitutusd

1427 2127 1588 2196 OAP.
1633 2129 1712 2196 V.

320 2281 348 2329 1
563 2258 830 2342 Iamque
867 2259 1147 2341 laevam,
1187 2278 1314 2341 qua
1351 2256 1633 2340 clipeum
1673 2256 1753 2320 ad
1788 2256 1957 2320 ictus
1986 2253 2507 2339 circumferebat,
2544 2256 2744 2320 lassa·
2769 2255 2851 2320 19

386 2352 572 2414 verat
635 2347 1068 2413 clamantibus
1134 2345 1389 2429 amiciS,
1447 2347 1522 2411 ut
1587 2344 1667 2411 ad
1722 2345 1900 2429 ipsos
1968 2343 2282 2428 desiliret,
2348 2343 2745 2430 stabantque

459 2582 546 2631 27.
601 2592 679 2630 ne
732 2576 1166 2630 committeret
1215 2573 1511 2628 obsidio·
1620 2576 1669 2626 9.
1705 2577 1769 2625 19
1800 2571 1890 2625 die
1919 2587 2031 2625 von
2058 2570 2242 2636 valle-³,
2280 2575 2328 2626 5.
2358 2576 2392 2625 4
2421 2589 2533 2627 von
2560 2573 2744 2629 arbor.

383 2665 553 2714 nem,
588 2647 712 2701 eine
740 2649 896 2703 sonst
923 2646 1075 2701 wohl
1100 2645 1260 2699 nicht
1284 2643 1510 2698 fibliche
1621 2641 1927 2697 Vielleicht
1961 2640 2040 2695 ist
2077 2660 2147 2696 zu
2181 2641 2363 2696 lesen:
2408 2658 2522 2697 non
2560 2645 2747 2712 pinna

387 2718 781 2787 Verbindung,
819 2717 968 2773 doch
997 2733 1140 2787 ganz
1167 2715 1375 2786 analog
1403 2716 1513 2769 den
1620 2713 1933 2781 (collektiv)
1970 2713 2369 2779 distinxerant,
2404 2714 2499 2769 sed
2534 2755 2547 2768 .
2580 2755 2592 2769 .
2629 2730 2747 2769 sae-

387 2791 641 2845 Phrasen
663 2790 878 2855 bellum,
897 2788 1172 2857 proelium
1189 2787 1513 2843 committere
1612 2790 1859 2853 pserunt.
2287 2820 2291 2825 »

389 2887 458 2907 =
494 2862 749 2930 incipere.
835 2860 908 2914 Ut
951 2858 1028 2913 ist
1073 2875 1174 2913 aus
1219 2874 1290 2913 ne
1325 2876 1392 2911 zu
1429 2873 1512 2911 er·
1693 2870 1781 2919 31,
1827 2864 2071 2933 ubique
2118 2888 2185 2908 =
2230 2864 2499 2933 undique,
2548 2863 2749 2933 jeden-

387 2936 601 3003 ganzen
646 2932 752 2986 wie
801 2937 849 2985 7.
903 2936 948 2985 1.
997 2934 1090 2997 383
1138 2934 1188 2983 8.
1232 2934 1278 2982 1.
1316 2934 1403 2984 48.
1447 2957 1512 2967 -·
1623 2934 1753 3003 blla
1794 2953 1901 2988 nur
1945 2935 2185 3004 gesetzt,
2230 2950 2328 2986 um
2364 2934 2453 2989 die
2491 2933 2749 2989 Wieder-

387 3004 652 3059 ostendi
685 3002 790 3057 wie
823 3008 870 3057 7.
903 3008 950 3056 7.
981 3006 1048 3055 21
1070 3018 1124 3054 u.
1143 3004 1193 3053 ὅ.
1218 3029 1284 3039 -
1305 3003 1516 3065 vates,
1623 3006 1840 3075 holung
1886 3006 2047 3075 jenes
2097 3004 2465 3059 unmittelbar
2515 3006 2749 3061 vorbor-

389 3074 488 3128 der
534 3074 715 3128 Name
769 3073 916 3142 folgt
969 3077 1000 3137 ἓ
1047 3075 1132 3125 28·
1216 3068 1331 3123 Der
1385 3069 1514 3123 dem
1624 3076 1919 3146 gehenden
1945 3074 2167 3128 Wortes
2196 3090 2263 3127 zu
2290 3074 2626 3129 vermeiden.
2690 3076 2749 3132 S.

388 3145 548 3200 Alex.
594 3144 970 3200 vertrauteste
1007 3141 1353 3209 Wahrsager
1398 3156 1516 3195 war
1625 3155 1675 3204 8,
1718 3153 1799 3203 14,
1838 3152 1905 3201 31
1942 3145 2185 3213 undique
2213 3146 2517 3212 petebatur.

387 3216 492 3270 der
515 3215 808 3271 mehrfach
839 3213 1048 3269 bereits
1077 3211 1362 3267 erwahnte
1391 3210 1513 3264 Ari·
1696 3242 1782 3291 32·
1828 3235 1997 3290 vicit
2040 3232 2146 3287 wie
2193 3236 2244 3288 g·
2284 3237 2333 3285 2⁸
2371 3238 2441 3285 34
2476 3232 2753 3301 pudorem

389 3286 633 3349 stander·
996 3354 1008 3366 ,
1395 3354 1404 3365 ,
1624 3307 1909 3362 immodico
1954 3305 2137 3359 labore
2178 3304 2437 3357 vincente.
2514 3303 2590 3357 M
2587 3309 2753 3387 aqui-

461 3363 546 3413 29·
585 3372 906 3437 censesne·
938 3369 1045 3408 W10
1092 3360 1143 3408 5·
1183 3360 1214 3435 (ἓ
1257 3354 1513 3409 ⁰⁹²de-
1626 3378 1871 3433 tudinem
1891 3376 2133 3447 periculi
2160 3374 2313 3430 steht
2336 3376 2753 3443 metonym1sch

388 3428 663 3509 DeFt⁸⁰h²
718 3424 990 3495 bessrfflfflt
1032 3424 1110 3479 du
1153 3423 1336 3493 ¹²¹⁰h¹⁵²
1387 3424 1515 3478 dass
1622 3448 1714 3502 fiir
1773 3448 1864 3503 die
1930 3446 2179 3501 dadurch
2240 3445 2751 3514 hervorgebrachte

388 3500 550 3554 keln
590 3501 694 3553 eto·
779 3567 790 3580 ‚
891 3567 902 3579 ,
1623 3518 1955 3588 psychische
2013 3517 2302 3586 Wirkung.
2386 3516 2750 3573 Uebersetze:

463 3575 550 3624 30·
578 3586 692 3624 ‘nec
719 3570 986 3623 dwtffls
1021 3581 1213 3635 <luam
1239 3580 1514 3634 respon-
1629 3588 1743 3643 ‘die
1788 3589 2047 3644 Furcht
2098 3604 2199 3643 vor
2256 3587 2355 3642 der
2402 3587 2604 3642 Grosse
2651 3588 2753 3643 der

389 3642 494 3697 dit
536 3640 590 3695 d·
627 3640 684 3693 h·
723 3638 808 3692 ⁸¹1⁸
842 3637 930 3691 bis
969 3653 1034 3719 ⁰².
1067 3636 1221 3692 seim
1257 3636 1518 3717 Antwprb
1626 3659 1877 3716 Gcfahr'.
1962 3658 2298 3730 [Uebrigens
2356 3676 2396 3714 s.
2449 3658 2560 3713 den
2612 3658 2748 3716 krit.

392 3712 654 3795 gegeben
702 3709 880 3764 hatte.
963 3708 1069 3763 Die
1118 3706 1518 3791 Construktmn
1626 3730 1910 3801 Anhanff]

393 3786 472 3838 1⁸¹³
515 3778 919 3851 naOhgebfldef'
963 3778 1063 3832 der
1098 3794 1210 3835 von
1243 3794 1411 3848 Imm
1699 3816 1785 3867 33.
1833 3814 2061 3865 certat.
2147 3808 2253 3862 Die
2300 3809 2751 3865 nachclassische

391 3870 587 3923 auam?
642 3851 756 3935 νεὶ·
795 3870 838 3904 ²·
878 3848 939 3905 Β·
981 3849 1143 3933 0²⁰⁸:
1174 3849 1228 3905 Β·
1268 3867 1322 3919 8·
1364 3856 1410 3903 1·
1451 3854 1518 3903 ⁵3
1627 3878 2264 3936 1nfinitiv00nstruktion
2289 3880 2342 3935 b.
2379 3880 2431 3935 d.
2454 3880 2545 3937 w.
2574 3880 2751 3935 findet

391 3942 562 3995 neque
589 3938 757 3993 prius
781 3922 971 3991 swyere
1003 3922 1329 3976 destoterunt
1354 3936 1522 3988 quam
1628 3952 1750 4007 sich
1787 3952 1932 4007 auch
1972 3957 2019 4006 7·
2060 3956 2109 4005 6,
2150 3956 2199 4004 3·

393 3998 470 4051 ad
501 3998 703 4064 flumen
727 3991 982 4047 Rhenum
1009 3996 1377 4061 pervenerunt
1404 3990 1520 4043 und

391 4068 568 4121 unten
617 4072 664 4120 5.
714 4070 783 4119 30
837 4079 934 4119 nec
973 4064 1521 4187 prius-reqzeqqegaxt
2074 4100 2203 4156 cu·
2241 4100 2309 4157 V·

394 4138 1354 4269 {2322ngenpfflgusserffniflkaffion
1409 4218 1520 4257 von
1702 4207 1749 4255 1.
1781 4201 1863 4255 ad
1890 4201 2066 4255 ictus
2095 4198 2145 4254 d.
2168 4199 2203 4254 i.
2228 4198 2329 4280 anf
2350 4197 2443 4252 die
2466 4196 2756 4253 einzelnen

389 4278 578 4343 pinna
603 4277 716 4330 und
754 4276 927 4331 lorica
953 4274 1030 4328 ist
1061 4274 1250 4328 hartel·
1277 4273 1362 4327 als
1389 4292 1433 4328 z.
1458 4272 1518 4325 B.
1628 4271 1843 4340 Stosse,
1907 4269 2157 4341 Angriffe
2218 4270 2341 4336 h1n3
2406 4268 2759 4335 circumferre

2694 4422 2725 4433 ..-
