3069 4749
347 2130 380 2180 9

421 176 548 241 128

1319 177 1384 239 Q.
1424 176 1642 227 CURTI
1676 175 1851 227 RUFI

305 382 314 392 ·
347 363 384 411 4
420 357 647 420 capere
683 337 1032 402 fortunam.
1087 334 1328 401 Multas
1377 357 1444 399 se
1491 335 1703 401 adhuc
1736 335 2041 420 reliquias
2077 334 2321 399 habere
2358 356 2477 401 nec
2514 356 2769 419 semper

417 427 591 491 inter
635 426 969 510 angustias
1015 447 1209 509 posse
1249 424 1667 507 deprehendi:
1714 423 2181 489 transeundum
2220 445 2361 488 esse
2397 424 2768 491 Alexandro

415 514 800 597 Euphraten
848 514 1224 599 Tigrimque
1280 517 1346 577 et
1398 513 1661 578 Araxen
1716 517 1782 577 et
1838 511 2208 597 Choaspen,
2260 534 2503 597 magna
2562 516 2769 580 muni-

416 605 638 669 menta
683 603 872 687 regni
917 603 1043 667 sui:
1089 600 1476 667 veniendum
1523 602 1594 667 in
1640 623 1924 686 campOS,
1968 601 2082 666 ubi
2128 601 2455 684 paucitate
2502 624 2769 669 suorum

347 721 381 771 5
419 690 922 757 erubescendum
969 691 1073 756 sit.
1162 689 1304 756 Iam
1349 688 1652 774 Mediam,
1696 689 2111 774 Hyrcaniam,
2158 688 2396 754 Bactra
2442 694 2507 755 et
2540 691 2770 777 Indos,

418 778 660 846 Oceani
705 780 976 863 accolas,
1023 780 1280 865 quando
1327 779 1653 844 aditurum
1696 814 1781 827 --
1826 801 1909 844 ne
1958 776 2323 864 Sogdianos
2371 783 2438 844 et
2483 779 2773 847 Aracho-

419 871 550 935 sios
595 868 926 934 nominem
972 871 1344 952 ceterasque
1391 872 1621 953 gentes
1671 868 1753 932 ad
1798 866 2163 933 Caucasum·
2208 870 2275 931 et
2321 867 2578 933 Tanain
2621 892 2766 954 per-

415 958 746 1023 tinentes?
804 954 1280 1023 Senescendum
1325 956 1464 1021 fore
1509 960 1769 1021 tantum
1816 961 2135 1021 terrarum
2182 954 2287 1021 vel
2332 956 2473 1021 sine
2504 959 2765 1041 -proelio

347 1069 381 1118 6
419 1046 701 1111 obeunti.
792 1043 875 1110 Se
935 1067 1086 1111 vero
1143 1046 1224 1110 ad
1279 1046 1496 1129 ipsum
1552 1066 1783 1110 vocare
1841 1045 2192 1128 desineret,
2252 1066 2533 1130 namque
2589 1048 2766 1113 illius

349 1157 378 1206 ’τ
420 1135 615 1200 exitio
665 1156 733 1199 se
779 1156 921 1200 esse
957 1132 1346 1201 venturum?
1392 1133 1764 1198 Alexander
1798 1134 1899 1216 iis,
1946 1134 2059 1218 qui
2104 1134 2355 1198 litteras
2394 1136 2769 1221 attulerant,

419 1223 772 1309 respondit,
819 1222 1104 1287 Dareum
1153 1223 1277 1288 sibi
1325 1223 1537 1288 aliena
1581 1222 1964 1306 promittere
2012 1226 2094 1305 et,
2140 1222 2313 1307 quod
2352 1225 2564 1288 totum
2612 1226 2769 1290 ami-

419 1314 602 1395 serit,
662 1311 826 1377 velle
872 1312 1124 1395 partiri.
1214 1310 1372 1377 Doti
1418 1311 1545 1376 sibi
1590 1310 1733 1376 dari
1774 1308 2077 1395 Lydiam,
2130 1310 2354 1394 Ionas,
2409 1313 2768 1397 Aeolidem,

418 1400 828 1486 Hellesponti
877 1422 1075 1483 oram,
1121 1400 1429 1465 victoriae
1477 1422 1631 1465 suae
1667 1400 1975 1483 praemia.
2041 1399 2249 1484 Leges
2290 1404 2509 1465 autem
2556 1425 2596 1467 a
2639 1404 2768 1468 vic-

417 1490 668 1554 toribus
709 1489 852 1573 dici,
889 1488 1096 1571 accipi
1134 1511 1174 1552 a
1210 1489 1430 1554 victis:
1476 1488 1550 1553 in
1586 1492 1733 1553 utro
1774 1492 1952 1553 statu
1990 1488 2182 1553 ambo
2221 1492 2455 1571 essent,
2494 1490 2551 1554 si
2589 1492 2767 1557 solus

347 1598 380 1647 8
416 1578 766 1663 ignoraret,
812 1600 1009 1663 quam
1052 1578 1337 1660 primum
1380 1576 1594 1642 Marte
1640 1577 2029 1642 decerneret.
2114 1576 2194 1641 Se
2243 1580 2577 1663 [quoque],
2622 1601 2767 1645 cum

415 1668 729 1731 transiret
766 1688 961 1750 mare,
1007 1687 1141 1730 non
1189 1664 1485 1731 Ciliciam
1532 1669 1647 1731 aut
1693 1665 1964 1750 Lydiam
2001 1702 2075 1712 —
2110 1666 2346 1750 quippe
2392 1668 2563 1731 tanti
2614 1669 2766 1733 belli

417 1756 718 1841 exiguam
762 1754 932 1819 hanc
978 1775 1120 1819 esse
1166 1754 1524 1820 mercedem
1571 1791 1657 1801 -—
1706 1754 1820 1819 sed
1864 1754 2285 1838 Persepolim,
2336 1759 2535 1839 caput
2578 1758 2765 1841 regni

417 1845 572 1927 eiuS,
600 1842 841 1907 Bactra
870 1842 1103 1907 deinde
1125 1846 1192 1907 et
1209 1842 1551 1908 Ecbatana
1578 1844 1921 1927 ultimique
1953 1842 2239 1908 Orientis
2280 1864 2460 1909 oram
2489 1844 2762 1930 imperio

417 1933 793 1999 destinasse.
841 1930 1260 2016 Quocumque
1297 1932 1406 1996 ille
1443 1932 1667 2017 fugere
1704 1932 2041 2017 potuisset,
2078 1932 2292 2016 ipsum
2324 1934 2507 2016 sequi
2544 1955 2763 2017 posse:

417 2021 737 2086 desineret
780 2025 1022 2085 terrere
1069 2020 1465 2103 fluminibus,
1511 2042 1703 2105 quem
1751 2020 1945 2085 sciret
1989 2020 2199 2085 maria
2243 2022 2575 2086 transisse.

595 2108 808 2195 Reges
846 2109 1105 2194 quidem
1142 2108 1303 2174 haec
1340 2109 1621 2190 invicem
1658 2109 2070 2192 scripserant.
2117 2105 2243 2173 Sed
2271 2108 2509 2175 Rhodii
2537 2110 2763 2177 urbem
2785 2109 2872 2175 22

418 2220 605 2263 suam
671 2201 1027 2282 portusque
1093 2197 1415 2263 dedebant
1478 2198 1869 2263 Alexandro.
1960 2197 2081 2261 Ille
2147 2196 2438 2263 Ciliciam
2513 2196 2765 2265 Socrati

415 2286 775 2351 tradiderat
817 2285 1085 2351 Philota
1129 2287 1377 2371 regioni
1424 2287 1596 2351 circa
1641 2286 1888 2370 Tyrum
1934 2286 2111 2350 iusso
2169 2286 2551 2369 praesidere.
2644 2287 2761 2373 Sy-

416 2377 600 2459 riam,
646 2397 810 2460 quae
850 2372 1044 2441 Coele
1088 2377 1474 2461 appellatur,
1519 2374 1977 2441 Andromacho
2015 2374 2355 2441 Parmenio
2405 2377 2765 2442 tradiderat

316 2485 382 2535 10
421 2464 626 2548 bello,
672 2465 844 2548 quod
891 2468 1252 2549 supererat,
1297 2465 1747 2529 interfuturus.

417 2638 663 2708 gensatz.
709 2668 781 2677 —
826 2653 1078 2706 capere.
1135 2639 1262 2708 Vgl.
1304 2640 1448 2692 oben
1484 2645 1536 2692 3.

420 2714 505 2762 12.
529 2714 597 2763 20
625 2709 1057 2778 maqnitudinem
1085 2709 1205 2764 eius
1233 2710 1539 2778 (fortunae)

416 2796 533 2835 ‘nou
560 2781 730 2849 cepit,·
767 2781 1028 2835 ebendas.
1058 2786 1088 2845 ὅ
1109 2786 1178 2834 25
1202 2782 1540 2849 praeteritae

415 2851 674 2919 fortunae
709 2852 997 2920 fastiyium
1032 2854 1208 2920 capio.

490 2929 541 2978 4.
571 2923 752 2977 iuter
780 2924 1140 2992 anqustias
1166 2922 1259 2975 fi'ir
1283 2922 1538 2990 inanqu-

417 2993 542 3049 stiis
577 2991 684 3047 wie
713 2999 762 3048 3.
796 3001 842 3048 ’1.
877 2999 957 3048 10.
989 3023 1058 3033 -
1095 2993 1390 3048 Araxen.
1427 2993 1541 3047 Der

418 3062 634 3118 Araxes
672 3065 744 3132 (5.
784 3069 833 3118 5.
873 3069 927 3132 2)
975 3063 1098 3120 flofs
1137 3065 1230 3118 bei
1267 3060 1538 3132 Persepo-

417 3133 515 3201 lis,
566 3134 665 3188 der
715 3133 996 3204 Choaspes
1043 3137 1113 3205 (5.
1154 3141 1202 3188 2.
1243 3135 1298 3202 9)
1345 3134 1405 3187 in
1441 3135 1542 3188 der

417 3204 582 3258 N’ahe
621 3221 732 3260 von
761 3204 902 3260 Susa
936 3203 1148 3260 vorbei.
1197 3204 1300 3257 Δίς
1336 3221 1541 3274 ηιαρηα

417 3277 756 3331 munimenta
794 3276 1018 3331 durften
1056 3275 1218 3331 beide
1245 3275 1406 3330 nicht
1439 3275 1540 3329 be-

420 3346 678 3400 zeichnet
712 3348 954 3402 werden.

493 3423 542 3474 5.
618 3418 782 3472 Iam.
856 3417 969 3470 Der
997 3403 1308 3487 Ubergang
1343 3416 1450 3472 wie
1486 3423 1539 3472 3.

421 3491 470 3541 5.
512 3494 568 3553 ⁹1,
612 3492 690 3541 10.
732 3494 781 3542 ’1.
819 3518 887 3527 -
924 3489 1183 3542 Baetra
1229 3494 1288 3542 et
1325 3489 1539 3542 Indos

420 3558 505 3612 oft
539 3557 721 3640 berc,
750 3558 1093 3641 verbunden.
1121 3590 1187 3598 —
1215 3576 1294 3614 ue
1327 3561 1537 3613 uomi-

417 3630 943 3769 szzrrgaziz·
970 3635 1242 3768 3523..
1417 3629 1542 3755 εἶτ

418 3757 570 3826 Uber
608 3770 772 3825 Cauc.
805 3789 858 3826 u.
886 3771 1092 3826 Tanais
1129 3791 1170 3827 s.
1200 3770 1343 3826 Anh.
1365 3771 1459 3826 IV.
1487 3778 1537 3827 3.

494 3847 543 3899 7.
619 3842 848 3898 aliena
912 3842 964 3900 d.
1026 3843 1080 3896 h.
1146 3846 1348 3911 etwas,
1421 3859 1538 3897 was

416 3911 534 3984 ihm
547 3930 649 3981 gar
666 3912 828 3968 nicht
842 3914 1042 3983 (mehr)
1059 3915 1283 3982 gehere.
1303 3943 1365 3953 —-
1377 3914 1416 3969 d
1426 3930 1458 3968 ο
1467 3919 1491 3968 t
1500 3915 1541 3969 i.

417 3973 571 4038 Uber
607 3985 716 4038 den
751 3983 920 4039 Dativ
959 4002 1001 4039 s.
1029 3985 1093 4040 E.
1125 3991 1209 4040 79.
1240 4016 1306 4024 -
1336 3986 1536 4054 ῖερεε,

417 4072 529 4109 von
547 4054 1212 4126 Friedensbedingungen
1233 4057 1404 4110 schon
1413 4055 1531 4111 Liv.

417 4131 504 4180 38.
543 4131 628 4180 37.
671 4131 789 4181 5.-
831 4127 1041 4194 amb0,
1086 4128 1246 4182 nicht
1290 4132 1530 4196 uterque,

419 4196 494 4248 da
531 4196 621 4279 die
660 4197 997 4266 Gestaltung
1033 4197 1132 4252 der
1156 4198 1341 4280 pinge
1371 4197 1533 4278 beide

419 4266 1533 4409 32322¹3t÷1235023affi0¹13..¹.¹2,{affl}

1839 2464 1978 2528 Rex
2023 2463 2510 2547 Hephaestione
2556 2465 2765 2532 Phoe-

1645 2637 1848 2692 Darius
1868 2637 1989 2693 sich
2008 2637 2264 2708 zugleich
2283 2639 2423 2693 fiber
2442 2639 2594 2693 seine
2608 2638 2762 2709 Lage

1644 2710 1761 2764 und
1807 2711 1899 2764 die
1945 2710 2045 2764 des
2093 2710 2337 2764 anderen
2376 2709 2517 2764 klar·
2536 2711 2763 2765 werden

1644 2779 1867 2835 mufste.
1942 2780 2070 2849 Vgl.
2111 2779 2263 2835 Caes.
2302 2781 2355 2835 b.
2396 2797 2440 2834 c.
2480 2787 2529 2834 3.
2570 2787 2640 2835 30
2675 2783 2761 2836 di-

1644 2868 1804 2906 versa
1836 2852 1948 2906 sibi
1984 2853 2141 2906 ambo
2178 2853 2415 2906 consilia
2449 2853 2697 2921 capiunt.

1719 2927 1768 2976 8.
1796 2924 1947 2991 imp.
1975 2923 2385 2990 destinasse,
2419 2921 2591 2976 ‘sich
2618 2941 2764 2976 zum

1646 2992 1900 3048 Reiche
1948 2993 2427 3058 ausersehen';
2478 2992 2585 3048 wie
2630 2995 2761 3050 dest.

1647 3065 1827 3131 morti,
1862 3064 2151 3133 supplicio,
2192 3095 2260 3104 —
2353 3065 2667 3131 otuisset,
2704 3065 2765 3120 in

1647 3152 1727 3190 or.
1764 3136 1945 3189 recta:
2024 3136 2242 3189 otueris.
2330 3151 2363 3189 o
2401 3135 2547 3188 oben
2590 3140 2636 3189 1.
2676 3141 2727 3189 9.

1718 3212 1770 3260 9.
1816 3207 1928 3260 sed
2016 3223 2092 3260 ez.
2132 3205 2252 3260 sich
2290 3205 2392 3259 auf
2431 3207 2649 3274 quidem
2686 3202 2769 3275 (οἱ

1648 3273 1752 3346 μὲν
1790 3276 2036 3348 βασιλεῖς
2064 3319 2077 3332 .
2110 3319 2121 3331 .
2154 3273 2215 3331 οἷ
2246 3274 2311 3330 δὲ
2332 3272 2581 3345 Ῥόδιοι),
2621 3275 2765 3332 doch

1646 3347 1901 3402 vermisst
1945 3364 2075 3402 man
2122 3347 2246 3402 eine
2291 3345 2461 3403 Notiz
2518 3348 2623 3402 wie
2676 3348 2765 3402 in·

1646 3419 1821 3485 terim,
1840 3420 2011 3473 isdem
2030 3420 2219 3474 diebus
2241 3417 2376 3471 oder
2395 3417 2572 3486 dergl.
2604 3418 2767 3472 Auch

1649 3488 1742 3543 die
1768 3489 2069 3559 folgenden
2090 3489 2255 3544 Satze
2284 3489 2406 3544 sind
2433 3506 2576 3558 ganz
2593 3488 2763 3542 nach-

1645 3559 1822 3629 lassig
1849 3561 2243 3628 hingeworfen.
2264 3590 2336 3600 --
2355 3560 2630 3614 Socrati
2657 3562 2764 3613 etc.

1646 3628 1816 3685 Diese
1860 3629 2030 3684 Notiz
2085 3631 2185 3685 hat
2230 3628 2287 3684 C.
2338 3629 2527 3684 allein.
2600 3629 2765 3684 'Nach

1646 3699 1849 3754 Arrian
1886 3707 1934 3754 2.
1961 3706 2041 3755 12.
2068 3707 2101 3755 2
2132 3717 2247 3755 war
2283 3701 2375 3755 die
2408 3700 2765 3756 Statthalter-

1648 3772 1831 3825 schaft
1886 3773 1945 3824 in
2002 3771 2236 3827 Cilicien
2294 3775 2424 3827 dem
2476 3771 2763 3841 Balacrus,

1649 3843 1801 3896 Sohn
1820 3842 1919 3896 des
1937 3843 2200 3910 Nicanor,
2228 3844 2597 3898 unmittelbar
2616 3841 2763 3896 nach

1651 3913 1751 3967 der
1788 3911 2053 3968 Schlacht
2095 3913 2192 3968 bei
2227 3914 2379 3968 Issus
2426 3915 2764 3982 fibertragen

1641 3983 1882 4038 worden.
1907 4015 1971 4023 —-
1997 3985 2289 4040 Philota.
2327 3984 2633 4039 Viellcicht
2665 3985 2765 4038 der

1645 4060 1728 4109 10.
1771 4059 1853 4108 10.
1886 4060 1919 4107 2
1958 4057 2267 4122 erwahnt03
2307 4056 2452 4110 doch
2484 4056 2636 4109 steht
2664 4055 2765 4108 der

1642 4124 1821 4179 Name
1852 4141 1923 4180 an
1952 4126 2050 4182 der
2078 4127 2473 4198 vorliegenden
2494 4127 2573 4180 St.
2602 4125 2763 4179 nicht

1640 4195 1767 4251 fest.
1807 4227 1876 4237 —
1918 4198 2302 4265 ParmeuiO,
2351 4215 2392 4252 s.
2432 4197 2576 4251 oben
2623 4202 2669 4248 1.
2708 4198 2760 4248 4.

1640 4257 1793 4322 Uber
1812 4268 1921 4322 den
1936 4270 2203 4338 Ausgang
2222 4269 2320 4322 des
2337 4266 2760 4321 Andromachae

1642 4354 1685 4393 s.
1733 4344 1784 4394 8.
1831 4344 1881 4392 9.
1926 4368 1998 4378 -
2041 4341 2509 4406 interfuturus
2552 4335 2660 4390 wie
2709 4341 2760 4392 3.
