3069 4749
779 168 1741 253 HISTORIARUM-ALEXANDM
1777 170 1840 235 v,
1883 173 1965 221 ιο.
2009 174 2090 223 11.
2493 170 2626 236 205

281 331 599 397 fallerent.
691 330 816 395 Ille
864 330 1141 415 quidem,
1190 350 1450 394 securus
1496 330 1794 413 periculis,
1849 328 2020 416 quod
2065 331 2385 417 instabat,
2431 330 2624 398 Alex-

282 420 469 486 andri
513 441 770 503 manus,
818 440 979 504 quas
1030 418 1203 483 solas
1248 418 1551 501 timebat,
1597 418 1879 503 effugere
1925 420 2340 504 properabat.

1304 611 1463 679 OAP.
1508 612 1624 678 XI.

175 739 261 804 30
452 737 701 804 Patron
748 742 991 821 autem,
1052 735 1449 802 Graecorum
1496 736 1652 820 dux,
1705 737 2025 822 praecipit
2084 760 2250 823 suls,
2305 741 2380 803 ut
2426 761 2624 823 arma,
2665 756 2692 803 1

282 850 445 913 quae
492 828 556 892 in
606 826 877 893 sarcinis
928 829 1119 891 antea
1164 826 1596 910 ferebantur,.
1623 826 1993 911 induerent,
2049 826 2130 892 ad
2186 848 2372 892 omne
2427 828 2627 911 impe-

279 916 445 981 rium
494 937 683 981 suum
729 916 945 999 parati
1006 918 1072 980 et
1127 914 1381 979 intenti.
1471 913 1624 999 Ipse
1679 937 1939 981 currum
1997 916 2173 1000 regis
2235 917 2629 1000 sequebatur
2665 932 2697 980 2

280 1004 605 1070 occasioni
642 1005 991 1070 imminens
1030 1002 1418 1089 adloquendi
1456 1025 1626 1087 eum,
1662 1004 1901 1089 quippe
1928 1002 2121 1072 Bessi
2157 1003 2406 1070 facinus
2446 1027 2627 1088 prae·

278 1097 588 1159 senserat.
680 1090 806 1157 Sed
852 1092 1092 1157 Bessus
1139 1091 1206 1156 id
1250 1093 1466 1176 ipsum
1511 1096 1837 1174 metuenS,
1893 1095 2114 1159 custos
2162 1094 2382 1160 verius
2434 1116 2630 1178 qua-m

278 1203 513 1266 comes,
561 1205 600 1247 a
644 1203 837 1247 curru
881 1204 1017 1247 non
1061 1181 1419 1246 recedebat.
1495 1179 1626 1245 Diu
1674 1202 1828 1267 ergo
1874 1180 2120 1246 Patron
2168 1185 2505 1248 cunctatus
2553 1205 2630 1249 ac
2667 1200 2700 1247 3

278 1270 535 1356 saepius
582 1292 875 1336 sermone
922 1273 1289 1353 revocatus,
1342 1269 1512 1335 inter
1561 1269 1755 1335 fidem
1813 1269 2242 1354 timoremque
2296 1270 2630 1337 haesitans

277 1380 497 1445 regem
551 1360 947 1425 intuebatur.
1039 1356 1165 1435 Qui
1228 1361 1301 1423 ut
1354 1358 1620 1423 tandem
1675 1358 1954 1423 advertit
2011 1360 2260 1442 oculos,
2319 1359 2629 1425 Bubacen
2667 1380 2702 1427 4

278 1448 633 1532 spadonem
678 1448 851 1513 inter
896 1449 1229 1532 proximos
1278 1469 1540 1512 currum
1587 1453 1962 1531 sequentem
2009 1448 2384 1531 percontari
2429 1448 2629 1534 iubet,

274 1536 591 1622 numquid
636 1536 766 1620 ipsi
814 1538 968 1601 velit
1013 1536 1243 1601 dicere.
1333 1534 1600 1619 Patron,
1645 1557 1714 1600 se
1757 1557 1932 1619 vere,
1979 1535 2092 1601 sed
2135 1536 2410 1601 remotis
2460 1538 2628 1602 arbi·

275 1626 399 1691 tris
445 1625 628 1710 loqui
673 1627 838 1691 velle
885 1647 1034 1691 cum
1080 1646 1183 1709 eo,
1236 1624 1579 1708 respondit
1623 1625 1965 1709 iussusque
2011 1625 2279 1709 propius
2328 1625 2628 1691 accedere

274 1716 421 1779 sine
474 1714 829 1797 interprete
884 1751 970 1762 —
1025 1736 1181 1778 nam
1235 1712 1409 1778 haud
1473 1713 1652 1777 rudis
1711 1712 1992 1779 Graecae
2058 1714 2321 1798 linguae
2377 1713 2628 1780 Dareus

236 1807 443 1892 erat,
489 1840 574 1851 —-
626 1801 847 1885 ‘Rex',
904 1802 1143 1887 inquit,
1198 1800 1310 1867 ‘ex
1355 1818 1399 1865 L
1456 1800 1720 1867 milibus
1771 1800 2160 1867 Graecorum
2207 1824 2624 1887 supersumus
2665 1821 2697 1871 5

275 1892 488 1975 pauci,
534 1892 745 1957 omnis
792 1890 1090 1956 fortunae
1135 1894 1289 1955 tuae
1335 1890 1606 1955 comites
1655 1892 1720 1955 et
1764 1892 1832 1954 in
1876 1890 2001 1955 hoc
2047 1892 2163 1955 tuo
2199 1894 2376 1957 statu
2412 1891 2628 1977 iidem,

275 1980 389 2064 qui
437 1980 709 2045 florente
755 1982 819 2044 te
865 1980 1124 2063 fuimuS,
1172 2000 1612 2064 quascumque
1649 1981 1859 2043 terras
1907 1979 2200 2064 elegeris,
2246 2000 2366 2063 pro
2411 1980 2630 2065 patria

277 2074 342 2134 et
388 2068 762 2135 domesticis
816 2069 1011 2134 rebus
1066 2068 1352 2154 petituri.
1444 2065 1775 2133 Secundae
1833 2067 2265 2153 adversaeque
2319 2090 2421 2133 res
2477 2073 2628 2133 tuae
2667 2087 2699 2137 6

272 2158 663 2243 copulavere
706 2178 827 2222 nos
874 2160 1109 2223 tecum.
1196 2155 1322 2221 Per
1376 2156 1546 2223 hanc
1602 2155 1796 2221 fidem
1850 2155 2162 2222 invictam
2223 2179 2354 2224 oro·
2396 2160 2462 2223 et
2517 2158 2642 2223 ob·-

275 2250 503 2331 testor,
548 2247 620 2312 in
664 2246 905 2311 nostris
952 2245 1187 2311 castris
1234 2246 1357 2311 tibi
1393 2244 1887 2311 tabernaculum
1925 2246 2145 2329 statui,
2179 2267 2300 2311 nos
2338 2247 2628 2331 corporis

274 2335 374 2401 tui
420 2336 721 2402 custodes
771 2356 911 2401 esse
957 2335 1248 2419 patiaris.
1339 2334 1696 2401 Omisimus
1743 2332 2106 2418 Graeciam,
2165 2335 2346 2401 nulla
2390 2334 2630 2402 Bactra

276 2429 432 2489 sunt
494 2425 711 2491 nobis:
778 2446 927 2509 spes
994 2425 1208 2489 omnis
1271 2425 1343 2489 in
1404 2427 1497 2507 te,
1563 2423 1816 2489 utinam
1874 2424 2073 2490 etiam
2139 2425 2370 2490 ceteris
2438 2429 2628 2490 esset.

275 2513 477 2578 Plura
540 2512 665 2579 dici
727 2534 863 2578 non
930 2512 1182 2578 attinet.
1274 2511 1654 2579 Custodiam
1711 2513 2000 2597 corporis
2056 2513 2154 2577 tui
2211 2517 2511 2579 externus
2565 2519 2632 2579 et

274 2601 647 2687 alienigena
682 2623 815 2667 non
855 2601 1286 2687 deposcerem,
1324 2604 1380 2666 si
1417 2602 1740 2668 crederem
1781 2601 1985 2665 alium
2021 2623 2214 2684 posse
2250 2601 2625 2686 praestare?

353 2781 437 2831 15.
491 2792 765 2832 securus
800 2795 845 2832 c.
888 2793 1034 2846 gen„
1072 2777 1218 2831 auch
1255 2782 1304 2831 9.
1344 2782 1395 2831 9.

276 2852 339 2913 8,
383 2850 535 2916 poet.
572 2866 624 2902 u.
662 2848 805 2916 nkL,
854 2866 896 2902 s.
936 2848 998 2904 Ε.
1039 2853 1128 2904 89.
1174 2877 1247 2887 —-
1292 2848 1397 2902 in·

275 2918 532 2984 stabat,
567 2918 789 2984 betont3
829 2918 1047 2974 ubera:
1087 2918 1187 2972 das
1224 2918 1398 2973 sehon

276 2987 717 3044 uberseincm
737 2987 1395 3059 Haupteschwebte.

693 3113 831 3169 Ku.
869 3113 966 3170 xl.

353 3206 401 3255 1.
477 3201 762 3270 Patron,
809 3220 851 3258 s.
901 3202 1047 3258 oben
1093 3208 1142 3257 9.
1184 3206 1269 3258 15.
1321 3231 1389 3244 —

275 3287 444 3396 22¹3}ss
495 3273 1389 3414 ‘21'20501'32‘333J‘z'5233‘535‘

276 3413 450 3468 tiert
484 3413 802 3483 παι-(1919,
830 3416 943 3485 vgl.
974 3432 1135 3471 arma
1158 3417 1223 3470 in
1249 3431 1389 3470 aare.

274 3483 388 3540 deli
423 3489 521 3540 ata
559 3482 679 3541 Liv.
721 3491 804 3540 10.
845 3491 929 3542 20.
974 3492 1055 3541 12.
1129 3485 1393 3542 Gemeint

276 3553 364 3610 sin
458 3555 551 3610 die
606 3556 894 3613 schweren
938 3557 1390 3624 Waffenstticke3

275 3625 455 3681 daher
508 3625 670 3681 nicht
720 3627 903 3684 blorse
949 3627 1395 3700 Wiedcrholung

276 3697 377 3752 des
415 3702 464 3751 9.
506 3702 573 3752 16
610 3698 787 3754 sehon
823 3699 1121 3770 Gesagten.

347 3773 399 3824 2.
428 3769 797 3836 imminens,
820 3770 1267 3840 ‘abpassend',
1290 3769 1395 3827 wie

275 3839 623 3894 andei-warte
639 3841 786 3896 imm.
872 3844 939 3912 ei,
956 3844 1185 3913 imperio
1203 3861 1256 3897 u.
1278 3842 1395 3913 dgl.

348 3916 398 3964 3.
427 3916 812 3978 revocatue;
878 3911 1004 3968 inm
1030 3913 1309 3970 nachdem
1336 3929 1399 3968 er

276 3981 612 4036 wiederholt
656 3983 859 4052 (durch
904 3984 1103 4053 irgend
1143 3985 1398 4040 walchen

278 4051 580 4122 Umstand)
607 4068 721 4109 von
749 4052 902 4110 einer
928 4054 1151 4111 Anrede
1178 4073 1253 4110 an
1283 4055 1393 4110 den

276 4121 464 4192 Konig
491 4123 832 4192 abgehalten
869 4126 1099 4181 worden
1124 4141 1255 4181 war.
1295 4142 1392 4181 re-

278 4198 587 4260 vocatae,
624 4193 755 4248 weil
792 4211 852 4250 er
887 4196 1094 4252 bereits
1131 4196 1232 4250 auf
1265 4195 1395 4250 dem

278 4261 459 4333 Wege
496 4264 641 4319 dazu
682 4280 942 4332 gewesen
977 4283 1117 4334 war,
1162 4266 1267 4320 wie
1311 4282 1393 4321 re-

277 4335 465 4391 vocari
498 4337 585 4403 (a)
618 4335 811 4392 scelere
846 4338 989 4393 auch
1028 4337 1229 4408 gesagt
1258 4336 1397 4391 wircl

1505 2792 1618 2832 von
1639 2777 1786 2842 dem,
1815 2776 1914 2830 der
1933 2775 2034 2830 das
2061 2790 2135 2830 se.
2154 2775 2303 2829 noch
2322 2775 2484 2830 nicht
2501 2791 2629 2830 aus-

1505 2846 1737 2917 geffihrt
1772 2847 1889 2901 hat.
1919 2875 1988 2886 -
2014 2846 2446 2913 intuebatur,
2487 2846 2632 2902 hielt

1504 2917 1884 2986 bastandig
1931 2915 2084 2972 scine
2130 2915 2324 2971 Blicke
2377 2916 2478 2970 auf
2519 2917 2630 2972 den

1506 2987 1693 3058 Konig
1729 2987 2029 3058 gerichtet.
2429 3007 2436 3014 ⁷

1578 3064 1629 3112 4.
1695 3075 1760 3115 se
1803 3074 1981 3128 vere,
2038 3056 2354 3113 ubersetze:
2409 3057 2626 3114 aller-

1505 3129 1706 3200 dings
1741 3129 1947 3186 wolle
1985 3145 2054 3184 er
2089 3133 2196 3184 etc.
2236 3159 2304 3169 —
2342 3129 2487 3185 eine
2523 3131 2628 3186 in-

1498 3206 1821 3270 terprete,
1859 3219 1928 3256 zu
1964 3200 2117 3257 verb.
2155 3199 2263 3255 mit
2297 3201 2498 3271 inquit.

1572 3277 1623 3327 5.
1661 3292 1693 3326 L
1730 3273 2038 3338 milibu8,·
2067 3270 2158 3326 die
2190 3271 2326 3326 Zahl
2363 3271 2440 3326 ist
2467 3272 2627 3328 nicht

1499 3343 1896 3413 unglaublich3
1942 3358 2045 3400 vor
2089 3343 2188 3398 der
2226 3342 2496 3399 Schlacht
2530 3343 2626 3399 bei

1498 3413 1652 3470 Issus
1708 3415 1866 3470 hatte
1924 3415 2070 3469 nach
2125 3420 2174 3468 3.
2223 3420 2275 3470 2,
2329 3420 2362 3469 9
2418 3414 2620 3470 Darius

1498 3490 1700 3554 30‚000
1736 3485 1944 3556 griech.
1985 3485 2239 3542 Soldner.
2278 3516 2346 3527 —
2375 3488 2627 3555 pauci,

1500 3562 1645 3612 4000
1664 3557 1852 3624 Manu,
1881 3575 1924 3614 s.
1943 3561 1994 3614 8.
2017 3562 2068 3613 3.
2091 3587 2156 3598 -
2179 3557 2464 3612 comites.
2494 3556 2622 3626 Vgl.

1502 3626 1650 3684 vell.
1680 3633 1731 3683 2.
1764 3633 1865 3683 102
1894 3643 2128 3712 magnae
2153 3629 2414 3696 fortunae
2439 3643 2622 3683 eomes.

1502 3715 1778 3825 {affl
1832 3704 2146 3825 ffiff‘ffzs
2170 3696 2627 3825 “uttam

1504 3841 1765 3897 Herdes
1813 3840 1947 3912 (vgl.
1993 3846 2024 3908 5
2071 3844 2151 3910 6),
2207 3841 2261 3896 d.
2309 3841 2364 3896 h.
2412 3840 2626 3894 anstatt

1504 3913 1652 3967 nach
1683 3913 1854 3983 jenen
1891 3930 1961 3967 zu
1998 3912 2318 3980 verlangen.

1578 3989 1628 4039 6.
1666 3985 2025 4052 invictam,
2062 3998 2207 4052 ganz
2241 3981 2348 4036 wie
2384 3986 2434 4035 8.
2472 3986 2523 4036 3.
2553 4011 2625 4022 -

1500 4053 1762 4112 Bactra
1821 4059 1992 4110 eunt.
2087 4052 2259 4108 Sina:
2331 4052 2440 4106 fur
2502 4069 2624 4107 uns

1502 4125 1696 4194 giebt
1769 4135 1836 4179 es
1907 4122 2067 4178 kein
2139 4121 2473 4178 Baktrien
2538 4122 2622 4177 als

1501 4195 1732 4251 Heimat
1746 4237 1761 4263 ‚
1815 4193 2218 4259 Zufluchtsort3
2272 4190 2623 4264 Anspielung

1504 4266 1607 4321 auf
1628 4267 1828 4322 Bessus
1854 4285 1906 4320 u.
1935 4265 2088 4320 scine
2104 4262 2312 4320 Partei.
2333 4294 2400 4305 -
2419 4280 2623 4333 prae-

1502 4343 1710 4407 stare,
1737 4337 1987 4392 namlich
2014 4352 2130 4392 eam
2144 4355 2167 4402 ;
2204 4334 2258 4389 d.
2280 4334 2367 4390 W.
2399 4333 2624 4392 euthalt
