3069 4749
802 151 1315 209 HISTORIARUM
1352 151 1788 206 ALEXANDRI
1824 150 1976 220 VIII,
2018 158 2065 206 1.
2499 151 2626 216 109

273 321 598 406 ultimum,
636 315 733 382 ‘Si
769 313 1219 398 moriendum'‚
1256 315 1485 397 inquit,
1522 313 1649 378 ‘est
1683 335 1804 397 pro
1839 317 1924 398 te,
1965 312 2172 379 Clitus
2211 317 2315 378 est
2350 314 2627 398 primus:

272 413 345 474 at
390 430 537 474 cum
585 405 900 472 victoriae
940 404 1285 470 arbitrium
1333 401 1496 488 agiS,
1542 402 1961 486 praecipuum
1996 403 2216 467 ferunt
2251 403 2630 487 praemium,

274 498 387 582 qui
449 493 909 580 procacissime
973 493 1181 577 patris
1235 492 1333 556 tui
1398 491 1750 555 memoriae
1814 490 2132 556 inludunt.
2231 489 2631 576 Sogdianam
2669 502 2737 552 35

274 585 609 670 regionem
661 582 826 648 mihi
882 582 1213 659 attribuis,
1266 579 1513 644 totiens
1567 579 1879 644 rebellem
1927 583 1993 644 et
2034 601 2166 644 non
2211 581 2406 646 modo
2452 580 2628 644 indo-

277 675 538 757 mitam,
592 672 707 737 sed
761 693 926 756 quae
980 691 1061 734 ne
1119 668 1335 754 subigi
1393 667 1653 752 quidem
1705 668 1933 751 possit.
2031 666 2265 733 Mittor
2320 669 2402 734 ad
2458 668 2632 734 feras

276 762 529 826 bestias
567 758 955 845 praecipitia
988 758 1251 843 ingenia
1288 758 1572 822 sortitas,
1648 754 1792 835 Sed,
1829 777 1991 840 quae
2029 755 2110 820 ad
2147 777 2252 820 me
2289 758 2633 841 pertinent,

281 853 566 914 transeo,
654 848 945 932 Philippi
998 847 1243 912 milites
1301 845 1578 930 spernis,
1633 845 1900 927 oblitus,
1954 843 2082 909 nisi
2133 843 2241 908 hic
2286 844 2630 910 Atharrias
2670 857 2738 907 36

286 959 480 1002 senex
516 937 801 1002 iuniores
838 956 1125 1021 pugnam
1163 935 1598 1000 detrectantes
1636 936 2024 1016 revocasset,
2063 931 2272 998 adhuc
2305 955 2424 998 nos
2463 935 2634 999 circa

282 1025 813 1091 Halicarnassum
858 1025 1173 1089 haesuros
1216 1023 1439 1088 fuisse.
1531 1021 1869 1098 Quomodo
1915 1021 2116 1106 igitur
2160 1021 2388 1086 Asiam
2437 1023 2634 1087 etiam
2673 1033 2740 1082 37

284 1136 430 1178 cum
474 1115 622 1179 istis
668 1114 1030 1179 iunioribus
1079 1111 1467 1177 subiecisti‘il
1552 1109 1797 1175 Verum
1845 1114 1973 1194 est,
2025 1112 2100 1178 ut
2153 1109 2412 1194 opinor,
2467 1110 2639 1195 quod

284 1203 673 1268 avunculum
720 1206 906 1268 tuum
960 1203 1031 1266 in
1074 1201 1271 1266 Italia
1316 1200 1555 1264 dixisse
1603 1201 1888 1278 constat,
1942 1199 2156 1282 ipsum
2210 1198 2281 1263 in
2324 1199 2499 1264 viros
2546 1199 2639 1262 in-
2655 1208 2808 1254 ruff*

207 1291 255 1357 5
286 1291 549 1374 cidisse,
593 1295 659 1356 te
705 1291 772 1356 in
809 1288 1127 1356 feminas?
1209 1287 1393 1354 Nihil
1430 1309 1509 1353 ex
1547 1287 1846 1352 omnibus
1881 1287 2246 1352 inconsulte
2284 1309 2360 1352 ac
2395 1291 2638 1352 temere
2676 1299 2744 1348 38

281 1378 473 1444 iactis
528 1401 749 1465 regem
803 1379 1017 1463 magis
1073 1381 1393 1460 moverat,
1449 1398 1644 1461 quam
1689 1375 2140 1441 Parmenionis
2199 1397 2346 1440 cum
2389 1376 2638 1441 honore

280 1468 525 1533 mentio
572 1469 795 1536 inlata.
885 1465 1201 1532 Dolorem
1246 1470 1473 1531 tamen
1516 1486 1631 1530 rex
1666 1465 1926 1548 pressit,
1972 1467 2314 1529 contentus
2352 1464 2637 1550 iussisse,

279 1559 355 1620 ut
401 1557 696 1621 convivio
743 1554 1101 1621 excederet.
1182 1553 1247 1620 N
1250 1576 1323 1620 ec
1370 1555 1718 1638 quicquam
1766 1553 1940 1618 aliud
1987 1552 2224 1618 adiecit
2270 1574 2464 1636 quam
2508 1553 2638 1617 for-
2674 1564 2742 1612 39

282 1644 459 1708 sitan
504 1667 676 1728 eum,
732 1645 789 1709 si
834 1644 1079 1709 diutius
1127 1643 1381 1710 locutus
1426 1642 1632 1725 foret,
1678 1643 2216 1726 exprobraturum
2265 1641 2395 1706 sibi
2440 1641 2638 1706 fuisse

287 1733 491 1797 vitam
548 1756 587 1798 a
643 1733 991 1817 semetipso
1048 1733 1298 1798 datam:
1353 1731 1479 1796 hoc
1537 1729 1710 1795 enim
1767 1730 2040 1814 superbe
2098 1751 2290 1814 saepe
2344 1730 2640 1796 iactasse.

281 1820 500 1905 Atque
546 1822 735 1887 illum
791 1825 1203 1888 cunctantem
1252 1820 1461 1886 adhuc
1508 1839 1803 1905 surgere,
1853 1818 1967 1902 qui
2012 1819 2291 1903 proximi
2338 1819 2397 1883 ei
2443 1819 2638 1884 cubu-
2675 1830 2744 1878 4ο

286 1914 489 1994 erant,
532 1910 790 1975 iniectis
836 1910 1141 1975 manibus
1188 1910 1525 1994 iurgantes
1574 1911 2039 1992 monentesque
2084 1907 2486 1972 conabantur
2528 1908 2639 1972 ab·

284 1997 533 2064 ducere.
573 2053 579 2058 .
632 1996 878 2082 Clitus,
943 2019 1089 2063 cum
1146 1998 1659 2080 abstraheretur,
1724 1996 1806 2061 ad
1860 1995 2204 2079 pristinam
2258 1995 2637 2060 violentiam
2674 2007 2742 2056 41

285 2085 388 2150 ira
436 2106 689 2170 quoque
748 2085 1024 2169 adiecta,
1080 2108 1196 2151 suo
1250 2090 1513 2171 pectore
1567 2089 1827 2170 tergum
1872 2083 2052 2148 illius
2099 2105 2240 2150 esse
2287 2083 2639 2167 defensum,

284 2194 475 2259 nunc,
520 2177 872 2259 postquam
915 2175 1089 2240 tanti
1134 2176 1351 2241 meriti
1396 2174 1807 2259 praeterierit
1839 2175 2115 2256 tempus,
2161 2172 2362 2238 etiam
2399 2193 2641 2238 memo-

287 2400 467 2456 sucht.
533 2399 607 2456 So
638 2402 782 2456 setzt
805 2400 998 2457 Cicero
1028 2402 1122 2469 (de
1142 2419 1221 2458 or.
1246 2409 1291 2459 1.
1312 2403 1405 2470 47)

285 2472 377 2527 die
404 2474 676 2528 contentio
702 2471 802 2526 der
827 2474 1029 2528 veritas
1066 2473 1406 2544 gegentiber,

286 2541 377 2596 die
442 2541 731 2598 Strei'oerei
756 2586 769 2613 ,
833 2544 1246 2600 Rechthaberei
1310 2544 1410 2598 der

285 2613 997 2685 Wahrheitserforschung.

359 2689 443 2739 34.
481 2689 576 2738 est
602 2686 869 2755 primus
896 2711 965 2732 =
994 2685 1200 2739 denkst
1234 2685 1310 2739 du
1337 2700 1411 2739 an

285 2753 389 2807 ihn
415 2758 614 2824 zuerst,
643 2756 869 2811 weisest
897 2756 973 2810 du
998 2756 1120 2811 ihm
1141 2754 1233 2811 die
1252 2756 1411 2810 beste

288 2824 464 2881 Stelle
499 2842 588 2881 an.
614 2856 687 2867 -—
716 2827 1084 2882 arbitrium
1121 2827 1269 2896 ayis
1304 2826 1411 2881 wie

288 2902 338 2950 6.
380 2902 427 2951 1.
469 2903 536 2951 19
575 2898 816 2952 arbitria
854 2914 1026 2968 ayere.

357 2972 443 3021 35.
493 2968 933 3038 Scydianam,
979 2984 1225 3039 genauer
1264 2966 1412 3022 Bac-

284 3039 533 3094 trianam
568 3056 610 3094 s.
640 3044 671 3105 9
702 3046 766 3095 19
797 3058 851 3093 u.
881 3046 930 3095 ’1.
962 3044 1011 3094 5.
1043 3045 1091 3093 1.
1125 3071 1187 3079 -
1211 3055 1412 3109 prae-

285 3110 568 3177 cipitia,
626 3110 848 3177 ‘wi1d,
903 3109 1410 3165 leidenschaft-

283 3179 484 3237 lich'.
529 3180 657 3251 Vgl.
686 3182 914 3251 inyem’a
941 3183 1177 3237 cultiora
1202 3181 1414 3236 sortitis

280 3376 291 3390 ‚
358 3328 444 3377 36.
482 3323 872 3377 Atharrias.
934 3322 1041 3377 Die
1062 3321 1241 3376 Sache
1269 3320 1413 3375 wird

288 3393 434 3446 auch
462 3398 513 3447 5.
542 3400 593 3447 2.
625 3399 657 3448 5
688 3394 1045 3463 augedeutet.
1076 3424 1143 3431 —
1172 3394 1411 3447 haesu-

285 3477 396 3517 ros
430 3464 649 3529 fuisse
678 3490 745 3510 =
778 3465 905 3519 ‘wir
928 3464 1162 3518 wfirden
1192 3464 1413 3517 sitzen

287 3532 773 3602 (vulgardeutschz
820 3535 1106 3604 hocken)
1154 3532 1413 3603 geblie-

286 3602 417 3657 ben
454 3603 615 3660 sein'.
692 3606 763 3659 So
801 3606 978 3672 haesi,
1019 3606 1228 3661 ‘bleibe
1273 3605 1411 3659 han-

287 3674 423 3744 gen’
465 3680 515 3729 4.
559 3680 640 3729 10.
683 3681 763 3730 12.
1402 3692 1407 3699 ’

362 3751 448 3799 37.
478 3748 794 3815 quomodo
820 3748 1067 3816 iyitur,
1088 3747 1413 3817 eineeigen-

286 3815 602 3871 thfimliche
621 3816 817 3887 Frage.
863 3818 966 3873 Die
986 3819 1245 3873 Antwort
1270 3818 1415 3887 liegt

287 3886 368 3940 im
403 3886 754 3957 Folgenden:
791 3890 926 3959 quia
958 3891 1023 3945 in
1056 3890 1293 3958 feminas
1326 3890 1413 3943 in·

287 3958 490 4014 cidisti.
522 3990 593 3999 —
621 3976 761 4014 cum
794 3960 980 4028 istis,
1007 3961 1117 4015 mit
1143 3962 1243 4015 der
1271 3960 1415 4013 oben

289 4029 720 4099 geschilderten,
759 4047 821 4086 so
850 4032 1036 4101 wenig
1063 4030 1412 4102 kriegstfich-

287 4100 447 4170 tigen
466 4100 683 4171 jungen
700 4101 1073 4159 Mannschaft.
1107 4134 1173 4143 -
1203 4118 1415 4157 avun-

289 4172 526 4226 culum.
611 4172 874 4228 Gemeint
925 4172 1005 4228 ist
1056 4174 1155 4229 der
1200 4172 1415 4227 Bruder

289 4240 390 4295 der
409 4241 700 4313 Olympias
720 4244 1041 4299 Alexander
1062 4261 1173 4299 von
1191 4244 1414 4313 Epirus,

290 4310 491 4401 dese-en
537 4314 787 4385 Feldzug
837 4316 899 4369 in
948 4314 1154 4370 Italien
1206 4316 1267 4369 in
1322 4314 1413 4369 die

1515 2401 1551 2456 J
1555 2402 1688 2455 ahre
1719 2406 2000 2456 334-332
2029 2401 2164 2455 faut
2189 2403 2357 2471 (nach
2385 2402 2464 2457 H.
2484 2403 2643 2458 Dett·

1515 2489 1647 2539 mer,
1686 2471 1814 2527 diss.
1854 2472 2030 2529 Bonn.
2072 2477 2208 2528 1869
2245 2472 2306 2527 in
2342 2474 2434 2529 die
2469 2474 2642 2529 Jahre

1520 2544 1827 2613 333—331)
1863 2542 1982 2597 und
2015 2542 2122 2598 mit
2157 2544 2257 2599 der
2287 2544 2644 2615 Ermordung

1518 2612 1812 2669 desselben
1856 2614 1918 2667 in
1963 2614 2240 2669 Pandosia
2285 2616 2413 2670 endi
2455 2619 2526 2671 te.
2573 2646 2642 2657 —

1515 2686 1594 2738 in
1618 2686 1833 2751 viros,
1860 2684 1974 2753 vgl.
1996 2685 2118 2740 Liv.
2136 2691 2286 2741 9.19.
2303 2692 2384 2742 10.
2476 2686 2530 2742 ie
2548 2704 2644 2741 ur·

1520 2754 1882 2825 sprflngliehe
1911 2756 2165 2825 Fassung
2201 2756 2305 2809 hat
2331 2758 2485 2810 wohl
2513 2758 2642 2813 Gel-

1520 2826 1660 2879 lius=
1697 2840 1753 2879 se
1787 2826 2006 2895 quidem
2041 2826 2116 2879 ad
2143 2824 2425 2882 Romanos
2451 2829 2516 2881 in
2542 2822 2640 2882 ἄν·

1520 2898 1791 2965 δρονῖτιν,
1822 2897 2181 2950 Macedonem
2216 2898 2322 2951 isse
2348 2900 2424 2953 ad
2439 2898 2644 2954 Persas

1518 2968 1684 3037 quasi
1717 2968 1780 3020 in
1817 2972 2222 3035 γυναικωνῖτιν.

1591 3044 1676 3093 38.
1716 3042 1947 3092 temere
1973 3039 2206 3103 iactis,
2242 3036 2349 3091 wie
2377 3038 2644 3106 (verbum)

1518 3113 1710 3163 tmere
1771 3110 1979 3163 iactum
2040 3107 2160 3164 Liv.
2217 3113 2268 3162 5.
2322 3113 2404 3162 15.
2465 3113 2515 3164 5.
2573 3140 2642 3149 -

1510 3179 1773 3249 pressit
1821 3180 1916 3233 fiir
1968 3181 2284 3248 suppressit.
2380 3178 2454 3235 So
2514 3182 2646 3250 sagt

1522 3249 1670 3305 Curt.
1719 3251 2063 3305 andei-warte
2102 3267 2348 3319 premere
2381 3252 2644 3321 indiym-

1518 3324 1745 3388 tionem,
1799 3322 2088 3376 consilium
2135 3337 2298 3376 suum
2338 3322 2454 3376 und
2499 3322 2645 3378 voll-

1520 3390 1836 3462 standiger:
1866 3393 2081 3462 aliquid
2107 3394 2170 3447 in
2197 3395 2382 3449 animo
2401 3410 2645 3463 premere

1522 3470 1573 3518 6.
1611 3469 1661 3517 9.
1705 3468 1788 3517 19.
1828 3495 1895 3504 -
1933 3468 2287 3519 contentus
2328 3482 2374 3519 c.
2412 3464 2510 3521 inf.
2587 3465 2642 3520 S.

1521 3533 1668 3589 Einl.
1707 3540 1738 3600 ἓ
1775 3538 1846 3588 34
1879 3535 1935 3588 b.
1975 3554 2024 3603 γ.

1595 3611 1680 3659 39.
1721 3606 1949 3659 datam
1977 3631 2045 3652 =
2072 3611 2342 3661 servatam
2382 3608 2446 3674 (e.
2475 3610 2506 3670 ξ
2533 3609 2642 3675 20).

1522 3673 1652 3745 Vgl.
1671 3676 1816 3731 Vell.
1839 3682 1888 3729 2.
1908 3682 1999 3743 523
2041 3693 2164 3731 cum
2191 3678 2450 3731 libentius
2475 3678 2647 3731 vitam

1519 3748 1694 3801 victor
1747 3748 1938 3801 daret
1986 3765 2150 3817 quam
2198 3749 2332 3802 victi
2380 3749 2644 3817 accipe-

1520 3823 1671 3873 rent
1696 3835 1750 3873 u.
1781 3816 1934 3872 Curt.
1961 3825 2010 3874 6.
2032 3824 2081 3874 8.
2103 3824 2135 3873 8
2165 3819 2432 3887 accepisse
2457 3820 2644 3873 vitam.

1593 3894 1679 3943 40.
1719 3889 1958 3958 Atque,
1997 3905 2038 3942 s.
2061 3906 2112 3945 v.
2133 3905 2183 3944 a.
2217 3889 2478 3944 ‘zudem’.
2531 3890 2646 3943 Der

1520 3958 1709 4029 Kbnig
1771 3960 2043 4029 massigte
2105 3960 2260 4029 sich,
2324 3960 2648 4015 ausserdem

1521 4031 1786 4085 machten
1814 4032 1959 4085 auch
1987 4030 2077 4083 die
2106 4029 2508 4099 Umgebenden
2536 4031 2647 4085 den

1520 4102 1801 4226 1Yersuch,
1848 4102 1958 4155 den
2001 4101 2364 4157 Wsithenden
2407 4120 2476 4157 zu
2521 4105 2643 4158 ent-

1547 4188 1731 4228 ernen.

1595 4250 1680 4298 41.
1727 4244 2124 4313 pristinam,
2170 4244 2320 4313 hier,
2356 4244 2464 4299 wie
2500 4246 2646 4299 auch
2723 4262 2729 4269 ·

1521 4318 1680 4370 sonet
1695 4315 1854 4369 nicht
1871 4314 2068 4385 selten,
2088 4312 2191 4369 auf
2203 4315 2303 4370 das
2323 4331 2354 4370 e
2365 4317 2403 4371 b
2416 4332 2494 4371 en
2506 4316 2644 4371 Ver-
