3069 4749
394 158 528 225 212
1305 164 1368 227 Q.
1409 164 1629 215 cURTI
1665 164 1838 214 RUFI

394 321 689 409 Singula,
734 327 811 389 ut
846 345 1135 409 quaeque
1173 324 1582 409 prenderent,
1619 324 2076 390 scrutabantur
2115 344 2236 388 nec
2271 327 2498 388 tamen
2533 324 2741 389 ullum

288 425 354 477 21
394 412 747 497 vestigium
794 413 991 499 fugae
1034 414 1209 498 regis
1257 412 1543 479 extabat.
1633 412 2079 478 Festinantem
2135 412 2578 477 Alexandrum
2635 413 2742 477 vix

394 518 474 565 111
518 500 701 567 milia
746 503 1037 587 equitum
1082 506 1420 586 persecuta
1468 506 1636 567 sunt.
1728 503 1820 566 At
1872 502 1944 565 in
2000 524 2140 584 eos,
2195 502 2306 586 qui
2359 502 2598 565 lentius
2645 522 2740 565 se·

286 603 357 652 22
395 590 785 675 quebantur,
839 590 1215 657 incidebant
1268 590 1572 656 universa
1625 589 2015 675 fugientium
2071 591 2350 675 agmina.
2441 589 2560 655 Vic
2611 611 2742 655 cre·-

394 677 591 743 dibile
646 678 847 759 dictu,
902 680 1123 764 plures
1182 679 1425 763 captivi
1482 699 1706 765 quam,
1759 680 1870 763 qui
1925 683 2256 763 caperent,
2312 682 2522 743 erant:
2579 678 2742 745 adeo

394 788 653 833 omnem
718 789 977 833 sensum
1038 767 1287 833 territis
1352 768 1618 833 fortuna
1678 770 1939 852 penitus
2011 770 2406 851 excusserat,
2477 771 2552 832 ut
2621 790 2742 833 nec

392 856 685 921 hostium
730 858 1126 940 paucitatem
1170 878 1293 923 nec
1336 857 1820 922 multitudinem
1867 878 2050 922 suam
2097 858 2258 922 satis
2305 858 2654 923 cernerent.

287 957 357 1007 23
436 940 449 951 ’
571 944 843 1009 Interim
898 946 1211 1030 iumenta,
1268 968 1433 1031 quae
1490 946 1776 1012 Dareum
1834 946 2185 1030 vehebant,
2240 946 2420 1010 nullo
2476 948 2738 1029 regente
2760 946 2846 1012 38

393 1032 809 1099 decesserant
854 1035 1123 1100 militari
1168 1035 1277 1100 via
1314 1038 1379 1100 et
1415 1056 1632 1101 errore
1669 1035 1884 1099 delata
1920 1056 2038 1119 per
2073 1037 2382 1120 quattuor
2417 1034 2629 1099 stadia
2667 1034 2738 1098 in

396 1122 675 1204 quadam
712 1124 882 1189 valle
919 1124 1377 1208 constiterant,
1424 1128 1610 1189 aestu
1657 1124 1978 1207 simulque
2023 1123 2397 1189 vulneribus
2443 1123 2739 1205 fatigata.

286 1222 357 1273 24
396 1208 589 1277 Haud
633 1214 861 1296 procul
906 1217 1049 1278 erat
1092 1212 1267 1298 fons,
1322 1212 1405 1278 ad
1450 1234 1644 1298 quem
1696 1217 2131 1279 monstratum
2155 1232 2170 1245 ·
2188 1234 2229 1277 a
2272 1211 2506 1297 peritis
2549 1211 2740 1295 Poly-

394 1302 636 1365 stratus
674 1300 940 1367 Macedo
988 1302 1098 1367 siti
1144 1304 1507 1367 maceratus
1555 1302 1852 1368 accessit:
1903 1323 1980 1367 ac
2015 1302 2168 1366 dum
2207 1302 2398 1386 galea
2431 1300 2742 1366 haustam

394 1409 627 1471 aquam
674 1390 924 1473 sorbet,
971 1390 1109 1456 tela
1152 1392 1588 1455 iumentorum
1635 1390 2071 1456 deficientium
2115 1390 2496 1475 corporibus
2541 1390 2742 1455 infixa

287 1490 357 1541 25
394 1479 745 1561 conspexit.
799 1477 1221 1564 Miratus-que,
1256 1480 1558 1545 confossa
1595 1480 1818 1564 potius
1854 1501 2048 1565 quam
2087 1480 2318 1544 abacta
2355 1500 2516 1557 esse,
2554 1478 2742 1543 semi-

393 1566 525 1633 vivi
569 1565 853 1633 hominis
889 1570 1187 1651 yemitum
1200 1569 1499 1673 percipit.
1573 1568 1798 1651 Itaque
1841 1590 2008 1634 more
2050 1569 2292 1652 inqenii
2332 1568 2596 1632 humani
2637 1588 2739 1632 eu-

382 1655 577 1737 pidus
618 1657 871 1741 visendi,
922 1659 1079 1740 quid
1117 1658 1213 1723 rei
1254 1657 1527 1723 vehiculo
1569 1659 1688 1723 isto
1733 1660 2111 1737 conderetur,
2167 1658 2416 1723 dimotis
2455 1656 2740 1739 pellibus,

394 1744 617 1826 quibus
658 1746 953 1811 obtectum
994 1752 1152 1831 erat,
1196 1746 1483 1813 Dareum
1534 1748 1752 1813 multis
1803 1747 2156 1813 vulneribus
2207 1746 2556 1827 confossum
2611 1766 2741 1826 rep-

382 1834 567 1915 perit.
660 1832 892 1918 Reyius
934 1837 1101 1901 enim
1156 1836 1355 1901 cedtus
1406 1840 1466 1901 et
1520 1856 1748 1901 aureae
1799 1842 2075 1920 catenae,
2129 1837 2270 1918 quis
2322 1856 2364 1898 a
2397 1834 2742 1917 parricidis
2811 1830 2820 1845 '

393 1923 633 1987 vinetus
672 1923 914 2008 fuerat,
958 1925 1400 1990 dubitationem
1443 1926 1805 1991 eximebwnt.
1885 1926 2036 1991 Non
2079 1930 2216 1991 erat
2256 1944 2468 2005 expers
2515 1921 2742 1988 Graeci

392 2012 691 2077 sermonis
734 2011 991 2079 Dareus
1026 2014 1387 2097 qratiasque
1428 2014 1648 2097 ayebat
1679 2016 1794 2096 dis,
1837 2016 1948 2096 qui
1985 2019 2128 2096 post
2163 2018 2340 2077 tanta
2373 2012 2546 2076 mala
2583 2017 2738 2076 tam-

390 2100 508 2181 que
544 2101 771 2183 yravia
813 2102 923 2167 hoc
968 2108 1173 2181 tamen
1216 2104 1618 2169 indulsissent
1665 2104 1908 2181 solacii,
1967 2123 2044 2168 ne
2097 2104 2349 2167 omnino
2403 2102 2477 2165 in
2528 2102 2740 2166 solitu-
2783 2110 2826 2132 ··

392 2188 537 2253 dine
580 2195 919 2255 extremum
963 2194 1255 2273 spiritum
1299 2192 1649 2271 effunderet.
1737 2190 1982 2273 Itaque
2029 2190 2125 2274 te',
2170 2192 2392 2273 inquit,
2439 2188 2742 2271 quisquis

391 2296 455 2341 es
498 2279 884 2362 mortalium,
925 2300 1047 2361 per
1096 2300 1477 2345 communem
1519 2280 1842 2345 hominum
1884 2285 2131 2358 εονΐωη,
2185 2300 2228 2343 a
2285 2299 2412 2361 qua
2453 2299 2562 2343 nee
2605 2298 2739 2341 ma·

392 2366 596 2432 mimos
638 2389 849 2450 reyum
892 2374 1155 2434 exerntos
1187 2390 1311 2434 esse
1335 2369 1651 2452 praesenti
1685 2369 2022 2451 spectaculo
2057 2370 2343 2452 moneris,
2377 2389 2522 2451 royo
2557 2387 2741 2450 qnae-

393 2475 579 2537 seque
586 2505 603 2538 ,
666 2461 739 2520 ut
796 2455 943 2522 haec
1004 2460 1093 2523 ad
1150 2458 1586 2524 Alexandrum
1649 2459 1952 2524 mandata
2015 2479 2153 2523 mea
2203 2458 2521 2541 perferas:
2579 2456 2744 2520 nihil

394 2563 631 2628 eorum,
684 2565 843 2626 quae
896 2546 1069 2630 lonye
1122 2548 1482 2613 tristissima
1522 2565 1853 2630 perpessus
1906 2568 2075 2627 sum,
2137 2568 2216 2613 ne
2276 2547 2438 2612 hume
2497 2545 2742 2627 quidem

392 2632 902 2716 incomparabilis
944 2636 1321 2702 calamitatis
1374 2638 1609 2702 exitum
1660 2637 1754 2701 ita
1801 2657 2054 2720 yravem
2108 2637 2266 2701 mihi
2309 2636 2629 2709 accidisse,
2672 2637 2746 2698 ut

392 2720 503 2786 hoe
544 2743 768 2806 unum,
822 2725 986 2805 quod
1012 2731 1161 2808 post
1203 2730 1381 2790 tanta
1423 2727 1495 2790 in
1540 2745 1638 2789 me
1688 2745 1964 2808 meosque
2015 2727 2239 2792 merita
2291 2725 2583 2790 adversus
2632 2723 2741 2787 ele-

394 2813 843 2878 meritissimum
904 2814 1189 2880 victorem
1251 2815 1503 2880 inimico
1567 2815 1894 2880 vivendum
1953 2815 2084 2896 fuit
2143 2819 2201 2880 et
2267 2834 2435 2878 nunc
2495 2813 2742 2895 inyrato

394 2901 783 2966 moriendum
826 2908 927 2967 est.
1019 2902 1145 2968 Sed
1191 2939 1267 2950 -·
1318 2905 1377 2968 si
1422 2923 1550 2985 qua
1591 2905 1923 2985 postremis
1965 2906 2331 2968 miserorum
2373 2902 2530 2967 votis
2575 2901 2748 2982 apud

395 2989 535 3055 deos
586 2992 682 3055 vis
735 2996 825 3056 est
874 2996 935 3056 et
982 3011 1123 3056 cum
1174 2993 1308 3074 ipso
1359 2993 1590 3074 spiritu
1635 2993 1938 3076 profusas
1980 3011 2190 3074 preces
2233 2992 2450 3055 mitius
2492 2989 2749 3071 aliquod

393 3097 625 3143 numen
669 3080 927 3145 escaudit
958 3117 1034 3126 -
1074 3081 1180 3146 ille
1221 3081 1466 3166 quidem
1508 3101 1710 3164 sospes
1754 3086 1812 3145 et
1852 3081 2178 3145 incolumis
2224 3079 2508 3160 lonyeque
2549 3097 2744 3160 supra

395 3169 747 3250 eontayium
791 3189 959 3234 meae
1000 3170 1185 3236 sortis
1228 3174 1287 3234 et
1328 3171 1634 3234 invidiam
1673 3169 1967 3250 fortunae
2000 3168 2242 3250 positus
2282 3168 2355 3230 in
2399 3166 2552 3230 solio
2589 3161 2744 3246 Gyri

470 3345 558 3395 20.
596 3343 708 3396 sin
717 3358 753 3412 9
763 3359 805 3397 u
814 3343 836 3396 Ζ
845 3359 881 3396 a
888 3383 907 3410 ,
943 3342 1192 3397 namlich
1230 3344 1494 3400 vehicula.

472 3433 559 3484 21.
606 3436 999 3499 persecuta,
1048 3430 1268 3501 folgten
1311 3431 1398 3486 bis
1435 3450 1525 3486 zu-

399 3501 567 3568 letzt3
598 3501 746 3556 nach
775 3501 923 3557 Plut.
954 3519 1142 3557 waren
1168 3501 1320 3557 ihrer
1348 3508 1432 3559 60.
1456 3533 1524 3543 -

401 3573 661 3627 lentius
697 3574 1173 3642 sequebantur,
1209 3574 1377 3630 naml.
1417 3573 1524 3629 Ni-

402 3659 575 3698 canor
621 3648 652 3708 §
694 3649 777 3699 19.
855 3644 1018 3698 Sinn:
1066 3643 1131 3699 in
1167 3643 1289 3700 ihre
1325 3645 1523 3699 Hande

401 3713 567 3768 fielen
605 3731 781 3783 ganze
822 3713 1070 3770 Scharen
1114 3732 1225 3772 von
1260 3715 1518 3770 Fliehen·

396 3785 522 3852 den,
560 3785 674 3855 vgl.
714 3791 764 3839 4.
804 3791 853 3841 2.
895 3791 977 3843 16.

468 3877 554 3928 22.
592 3889 881 3948 sensum,
922 3875 1368 3957 ‘Besinnung,
1408 3875 1519 3930 alle

400 3942 533 3998 funf
563 3941 779 4000 Sinne’.
797 3915 1123 4001 Khnlicher
1160 3916 1427 4002 Godan’ke
1465 3953 1517 4002 3.

400 4019 621 4071 11.17.
694 4013 855 4070 Mehr
906 4017 992 4071 als
1046 4033 1260 4072 sensum
1313 4016 1520 4088 besagt

394 4091 619 4142 mentem
659 4091 833 4142 7.11.

468 4179 555 4230 23.
609 4175 911 4231 militari
956 4177 1096 4242 via,
1144 4173 1517 4244 Heerstrasse,

397 4243 502 4296 wie
540 4248 591 4298 8.
628 4250 679 4300 4.
716 4276 787 4286 —
824 4247 1179 4332 simulque,
1220 4262 1261 4298 s.
1299 4246 1361 4303 E.
1396 4251 1516 4300 148.

470 4334 553 4382 24.
590 4333 869 4402 peritis,
914 4334 1021 4390 wie
1066 4350 1171 4390 aw.
1209 4334 1301 4390 bei
1348 4334 1407 4390 C.
1449 4337 1514 4405 (s.

1635 3341 1698 3399 E.
1731 3344 1820 3412 13)
1856 3342 2001 3398 ohne
2029 3342 2291 3408 locorum,
2330 3365 2398 3384 =
2439 3336 2741 3391 ‘Ortskun-

1635 3414 1808 3484 dige’.
1854 3445 1928 3455 -
1974 3413 2421 3482 Polystratus.
2473 3408 2741 3462 Derselbe

1633 3485 1812 3540 Name
1857 3483 2003 3540 auch
2043 3483 2136 3538 bei
2172 3483 2318 3537 Plut.
2352 3479 2510 3536 Alex.
2546 3485 2633 3534 43.

1631 3560 2034 3622 maceratus,
2072 3552 2180 3610 mit
2212 3555 2357 3622 fame
2389 3551 2510 3607 Liv.
2539 3555 2624 3605 26
2656 3555 2740 3606 13.

1631 3632 1682 3680 8.
1711 3656 1780 3667 -
1817 3627 2038 3681 sorbet
2073 3625 2164 3680 fur
2199 3625 2355 3693 bibit,
2389 3623 2509 3679 nkl.
2538 3655 2608 3664 -
2636 3623 2741 3678 de-

1629 3698 2043 3764 ficientium,
2074 3696 2446 3766 erschopft,
2475 3711 2562 3748 1111
2582 3691 2742 3748 Ver

1630 3767 1959 3823 scheiden
2003 3766 2373 3852 begriffen.
2419 3766 2641 3835 Analog
2668 3763 2744 3820 ist

1627 3839 1933 3906 deficientes
1983 3839 2186 3907 animi,
2240 3839 2385 3894 vires
2437 3856 2508 3894 u.·
2538 3840 2590 3890 ἓ..
2648 3835 2743 3890 bei

1625 3907 1971 3966 Klassikern.

1697 3985 1783 4036 25.
1812 3981 2120 4037 semivivi
2144 3981 2452 4037 hominis.
2481 3977 2740 4032 DasFol-

1626 4050 1808 4122 gendo
1846 4053 1932 4108 bis
1959 4069 2088 4106 zum
2116 4051 2374 4106 Schlusse
2401 4051 2499 4104 des
2527 4048 2742 4103 Buches

1623 4071 1703 4178 igst
1737 4140 1848 4179 von
1873 4124 2000 4179 Joh.
2029 4121 2460 4178 Freinsheim
2487 4123 2543 4187 (†
2560 4121 2741 4188 1660),

1625 4194 1741 4247 bes.
1761 4194 1905 4249 nach
1928 4194 2114 4248 Just-‚in
2139 4199 2302 4249 11.15
2322 4193 2437 4248 und
2455 4190 2741 4258 Plutarch,

1625 4267 1870 4334 erganzt.
1916 4264 2031 4319 Der
2057 4265 2180 4318 Tod
2206 4265 2304 4319 des
2331 4263 2532 4318 Darius
2559 4260 2700 4316 fiel'
2682 4278 2743 4315 111

1625 4335 1733 4389 den
1769 4334 1888 4390 Juli
1922 4337 2021 4390 des
2056 4333 2254 4390 Jahres
2291 4340 2411 4390 330.
