3069 4749
450 146 580 211 124

1346 148 1408 215 Q.
1449 148 1673 204 CURTI
1708 149 1885 204 RUFI

446 309 657 374 misitt
697 331 972 393 quorum
999 309 1377 376 Haustanes
1406 313 1639 395 captus
1666 314 1786 395 est,
1823 309 2097 377 Catenes
2134 313 2203 378 in
2239 313 2489 396 proelio
2528 317 2801 382 occisus.

444 397 858 481 Polypercon
912 419 1166 483 quoque
1221 399 1587 484 regionem,
1651 421 1817 484 quae
1874 400 2214 466 Bubacene
2270 403 2664 487 appellatur,
2726 405 2805 470 in

375 505 407 552 3
446 486 766 550 dicionem
822 487 1090 570 redegit.
1180 487 1415 572 Itaque
1469 488 1771 553 omnibus
1828 490 2183 574 conpositis
2240 491 2673 576 cogitationes
2730 493 2805 558 in

444 574 696 639 bellum
733 573 1026 640 Indicum
1063 577 1280 641 vertit.
1361 575 1564 642 Dives
1601 577 1785 662 regio
1822 577 2187 644 habebatur
2221 601 2354 644 non
2392 602 2549 645 auro
2587 582 2804 664 modo,

445 663 560 728 sed
606 664 880 747 gemmis
927 685 1184 749 quoque
1229 665 1762 749 margaritisque,
1816 667 1898 730 ad
1944 666 2171 746 luxum
2215 668 2428 753 magis
2476 691 2669 752 quam
2716 671 2805 734 ad

373 763 409 816 4
445 751 1005 836 magnificentiam
1043 753 1316 818 exculta.
1387 753 1612 837 Periti,
1648 754 1965 819 militares
2004 777 2161 820 auro
2200 759 2268 821 et
2304 758 2498 822 ebore
2528 757 2803 842 fulgere,

445 839 780 904 dicebant:
843 841 1096 925 itaque,
1157 843 1393 906 necubi
1455 842 1851 927 vinceretur,
1913 865 2061 908 cum
2125 845 2356 909 ceteris
2419 849 2805 930 praestaret,

446 928 647 993 scutis
704 932 1044 1013 argenteas
1100 930 1382 1014 lamnas,
1437 931 1619 1015 equis
1674 931 1891 996 frenos
1947 953 2179 997 aureos
2228 933 2504 1018 addidit,
2559 935 2799 1001 loricas

445 1038 700 1100 quoque
748 1017 913 1082 alias
961 1039 1146 1101 auro,
1195 1019 1357 1082 alias
1403 1023 1678 1104 argento
1725 1020 2085 1086 adornavit.
2176 1039 2316 1086 cxx
2362 1023 2549 1087 milia
2592 1045 2799 1088 arma-

375 1123 408 1172 5
444 1107 664 1168 torum
710 1109 924 1190 erant,
970 1128 1134 1190 quae
1180 1127 1402 1191 regem
1450 1108 1531 1172 ad
1576 1108 1645 1172 id
1690 1108 1938 1174 bellum
1985 1109 2440 1193 sequebantur.
2530 1111 2799 1196 Iamque

446 1193 750 1258 omnibus
797 1195 1222 1279 praeparatis,
1269 1196 1438 1279 quod
1485 1196 1645 1260 olim
1690 1219 1895 1281 prava
1939 1201 2155 1264 mente
2196 1204 2601 1284 conceperat,
2644 1204 2799 1266 tunc

445 1303 586 1346 esse
626 1285 951 1348 maturum
988 1289 1184 1368 ratus,
1221 1305 1504 1368 quonam
1540 1285 1733 1350 modo
1752 1286 2085 1352 caelestes
2122 1286 2400 1352 honores
2437 1293 2802 1372 usurparet,

446 1371 660 1454 coepit
713 1372 982 1456 agitare.
1085 1373 1260 1438 Iovis
1318 1373 1527 1438 filium
1582 1395 1714 1438 non
1770 1374 1900 1439 dici
1953 1379 2211 1440 tantum
2268 1397 2365 1459 se,
2430 1377 2543 1440 sed
2598 1378 2799 1442 etiam

445 1460 617 1524 credi
680 1457 972 1544 volebat‘,
1035 1464 1371 1545 tamquam
1434 1462 1703 1544 perinde
1768 1463 2005 1528 animis
2068 1465 2388 1546 imperare
2444 1470 2668 1548 posset
2720 1488 2797 1531 ac

373 1568 406 1619 6
442 1548 712 1634 linguis:
776 1570 954 1613 more
999 1548 1347 1615 Persarum
1393 1549 1784 1616 Macedonas
1830 1552 2321 1618 venerabundos
2369 1553 2583 1636 ipsum
2630 1555 2801 1618 salu·-

443 1640 584 1703 tare
633 1641 1120 1723 prosternentes
1174 1637 1356 1708 humi
1415 1660 1705 1728 corpora.
1798 1637 1863 1708 N
1864 1663 1949 1708 on
2003 1641 2227 1707 deerat
2281 1641 2443 1708 talia
2498 1643 2799 1726 concupi·

445 1728 652 1800 scenti
705 1731 1068 1820 perniciosa
1113 1733 1430 1821 adulatio,
1483 1735 1869 1821 perpetuum
1916 1733 2163 1802 malum
2215 1755 2471 1821 regum,
2528 1751 2799 1818 quorum

376 1847 405 1894 7
445 1845 600 1907 opes
649 1825 904 1909 saepius
952 1826 1323 1892 adsentatio
1372 1847 1569 1910 quam
1613 1826 1823 1892 hostis
1868 1827 2117 1892 evertit.
2198 1824 2337 1891 Nec
2372 1823 2798 1890 Macedonum

443 1913 606 1977 haec
669 1917 809 1978 erat
870 1916 1061 1999 culpa
1117 1951 1202 1961 -
1257 1936 1448 1979 nemo
1506 1915 1679 1980 enim
1732 1915 1994 1980 illorum
2049 1915 2393 1999 quicquam
2448 1935 2529 1978 ex
2581 1913 2795 1997 patrio

389 2034 403 2041 κ·
446 2023 624 2066 more
661 2003 880 2068 labare
921 2004 1232 2069 sustinuit
1273 2040 1348 2050 —
1393 2002 1508 2069 sed
1547 2003 1959 2088 Graecorum,
2004 2004 2117 2088 qui
2162 2001 2635 2087 professionem
2678 2002 2795 2066 ho-

375 2114 408 2163 8
444 2095 776 2156 nestarum
841 2093 1083 2157 artium
1149 2091 1339 2157 malis
1405 2097 1829 2176 corruperant
1890 2092 2197 2158 moribus·
2296 2091 2465 2175 Agis
2533 2091 2796 2175 quidam

445 2178 752 2265 Argivus,
797 2181 1229 2265 pessimorum
1267 2181 1625 2247 carminum
1661 2185 1813 2267 post
1848 2179 2224 2248 Choerilum
2261 2179 2577 2265 conditor,
2613 2182 2679 2244 et
2715 2200 2792 2243 ex

447 2339 702 2418 einzigen
749 2347 896 2402 noch
950 2346 1188 2417 fibrigen
1241 2341 1567 2401 Aufstandi-

447 2419 620 2473 seben
637 2419 716 2473 im
736 2418 927 2473 Laude
956 2418 1056 2472 der
1075 2415 1279 2473 estlioh
1297 2432 1409 2484 von
1431 2414 1567 2484 Sog-

450 2487 622 2543 diana
666 2488 980 2543 sesshaften
1014 2486 1381 2542 Paraetaceni
1421 2486 1567 2555 (Arr.

449 2565 499 2615 4.
539 2562 646 2627 24).
731 2558 914 2613 Ueber
959 2559 1196 2613 Catones
1243 2576 1285 2615 s.
1333 2557 1480 2613 oben
1518 2562 1567 2614 7.

447 2634 498 2683 5.
535 2635 621 2684 21.
671 2660 738 2669 —
791 2629 1242 2701 Polypercon,
1295 2628 1570 2683 Unterbe-

445 2699 773 2755 fehlshaber
807 2702 972 2755 unter
1009 2700 1285 2755 Craterus.
1325 2730 1392 2740 —
1431 2700 1572 2755 Eine

446 2770 798 2826 Landschaft
831 2772 1188 2827 Bubacene
1232 2770 1376 2825 wird
1413 2772 1572 2826 sonst

447 2840 608 2897 nicht
643 2842 913 2897 erwahnt.

521 2918 566 2967 3.
620 2914 805 2969 dives
843 2939 912 2959 ===
948 2916 1222 2983 opulenta.
1298 2914 1350 2970 S.
1400 2921 1450 2969 3.
1487 2918 1572 2969 10.

451 2988 535 3039 10.
582 3016 652 3025 -
703 2986 976 3039 exculta
1025 2982 1116 3037 fiir
1164 2990 1458 3050 exornata,
1513 2984 1574 3037 in

449 3054 633 3109 dieser
701 3054 1178 3125 eigentlichen
1241 3055 1576 3125 Bedeutung

448 3128 597 3193 poet.
617 3144 671 3179 u.
695 3126 1129 3181 nachelassisch.
1185 3126 1300 3181 Das
1317 3126 1576 3179 Attribut

447 3198 607 3319 palpet
629 3196 976 3322 {itcOht'rmI-,git
1001 3197 1273 3321 zuffregim
1301 3197 1576 3322 {elmehzr

451 3282 512 3321 sc
551 3283 638 3322 we
764 3283 857 3322 ein
931 3284 1050 3338 egri
1120 3283 1310 3321 mevi
1363 3282 1574 3321 uscu-

448 3342 644 3407 tusque
667 3338 979 3392 incolarum
1007 3337 1136 3392 dem
1166 3338 1573 3393 Schriftsteller

447 3424 566 3463 vor.
621 3408 982 3463 Ueber-setae:
1023 3407 1132 3463 die
1169 3424 1383 3479 ganze
1418 3407 1573 3463 Cul-

449 3480 560 3532 tur
616 3479 982 3533 derselben
1035 3480 1158 3533 hat
1211 3480 1321 3534 die
1369 3479 1569 3534 Rich-

449 3552 618 3621 tung
647 3548 768 3603 auf
787 3568 839 3603 n.
864 3568 905 3605 s.
928 3567 997 3605 w.
1020 3580 1086 3589 —
1107 3548 1230 3604 Den
1258 3550 1340 3605 Ge
1381 3553 1573 3605 ensatz

452 3620 730 3675 zwischen
766 3622 933 3675 luctus
970 3622 1288 3690 (luxuria),
1379 3621 1576 3690 rank,

452 3691 569 3746 und
631 3692 1076 3761 maqnificentia,
1142 3692 1575 3762 Grossartig-

453 3761 628 3830 keit‚
683 3762 876 3817 macht
914 3762 972 3819 C.
1021 3763 1167 3818 auch
1203 3768 1253 3820 5.
1295 3770 1342 3820 1.
1382 3770 1477 3830 233
1524 3767 1575 3816 8.

455 3839 504 3889 9.
544 3838 630 3887 23.
704 3831 927 3889 Ebenso
965 3833 1078 3888 Cic.
1117 3851 1171 3903 p.
1210 3832 1350 3891 Mur.
1391 3841 1476 3889 76.

525 3910 577 3957 4.
623 3905 868 3974 periti;
910 3904 1098 3960 vollst.
1133 3908 1304 3975 periti
1337 3906 1579 3975 regionis

453 3977 526 4044 (7.
548 3980 598 4029 5.
620 3982 680 4043 ὃς
709 3980 760 4029 9.
780 3980 829 4030 9.
854 3978 935 4043 1);
972 3976 1118 4031 ohne
1146 3976 1340 4031 diesen
1357 3976 1579 4031 Beisatz

456 4051 504 4101 ὅ.
513 4051 686 4100 1324.
705 4045 890 4100 Ueber
897 4048 1164 4101 militares
1255 4046 1305 4099 Κ
1314 4046 1373 4100 ri
1384 4062 1415 4100 e
1425 4064 1464 4116 g
1473 4063 1504 4101 e
1513 4065 1543 4100 r
1552 4076 1574 4086 —

453 4116 652 4170 kaste
673 4118 746 4185 (¹1³)
775 4134 816 4171 s.
846 4116 992 4173 Einl.
1023 4124 1054 4182 ς
1076 4122 1107 4171 7
1129 4133 1179 4172 a.
1210 4146 1278 4157 --
1307 4118 1575 4185 necubi,

453 4186 579 4241 hier
615 4204 657 4241 s.
685 4204 739 4241 v.
769 4203 818 4241 a.
855 4204 925 4242 ne
959 4205 1072 4257 qua
1103 4204 1180 4254 re,
1216 4187 1322 4241 wie
1361 4188 1578 4253 ofthic,

454 4257 537 4309 ibi
582 4282 652 4303 =
695 4258 838 4327 hoc,
873 4272 932 4312 eo
986 4274 1170 4313 rerum
1211 4262 1378 4314 statu.
1461 4258 1576 4312 Das

456 4324 719 4394 folgende
755 4329 941 4382 ceteris
975 4328 1054 4383 ist
1086 4327 1370 4383 natfirlich
1405 4328 1576 4383 Abla-

1674 2342 1774 2399 tiv.
1806 2373 1872 2383 -
1904 2341 2101 2397 CXX
2124 2339 2321 2395 milia
2357 2344 2579 2406 erant,
2616 2354 2794 2407 quae.

1678 2414 1921 2469 Satzbau
1953 2413 2056 2468 wie
2089 2418 2171 2467 12.
2206 2417 2290 2468 11.
2344 2410 2508 2466 Nach
2535 2409 2799 2481 Plutarch

1679 2486 1859 2557 (Alex.
1908 2488 1997 2555 66)
2049 2484 2258 2539 kamen
2310 2500 2378 2537 zu
2431 2482 2604 2536 ihnen
2653 2479 2799 2536 noch

1680 2562 1854 2613 15000
1881 2556 2087 2615 Reiter.

1749 2634 1797 2684 5.
1840 2636 2249 2700 conceperat.
2290 2628 2363 2683 So
2389 2626 2631 2683 braucht
2656 2626 2799 2681 auch

1677 2701 1796 2757 Liv.
1834 2707 2007 2757 mente
2042 2702 2319 2771 concipere
2361 2699 2441 2753 im
2478 2698 2648 2753 Sinne
2690 2713 2801 2751 von

1680 2778 2049 2900 attam..
2057 2775 2525 2899 3ῗύἓέοέᾬῇ
2548 2783 2801 2895 .ᾨέῧέ

1679 2914 1873 2970 frfiher
1925 2915 2234 2985 gefordert‚
2292 2931 2334 2968 s.
2388 2911 2477 2966 die
2524 2913 2688 2966 Anm.
2734 2920 2801 2962 zu

1756 3062 1803 3111 6.
1868 3056 2402 3121 venerabundos,
2466 3054 2657 3109 scharf
2704 3054 2803 3109 be-

1678 3128 1823 3193 tont,
1858 3124 2217 3181 anbetend.
2282 3123 2388 3179 Die
2415 3124 2613 3178 Perser
2649 3124 2803 3178 bete-

1680 3198 1780 3251 ten
1832 3196 1893 3250 in
1952 3195 2134 3249 ihrem
2188 3195 2409 3264 Konige
2472 3194 2580 3247 den
2637 3194 2805 3249 Stell-

1681 3268 1953 3322 vertreter
2006 3266 2104 3321 des
2160 3264 2356 3320 Gottes
2408 3263 2652 3318 Ormuzd
2705 3265 2811 3320 auf

1680 3338 1868 3393 Erden
1903 3355 1991 3393 an.

1754 3416 1803 3467 6.
1843 3410 2071 3478 culpa,
2100 3405 2373 3463 namlich:
2400 3406 2546 3475 quod
2572 3420 2687 3460 non
2714 3406 2803 3461 de—

1680 3485 1801 3534 erat
1844 3480 2111 3535 adulatio.
2151 3509 2219 3519 —
2254 3477 2620 3544 sustinuit,
2678 3493 2804 3532 con·

1686 3550 1881 3604 struirt
1934 3550 2040 3605 wie
2092 3551 2217 3619 pati
2270 3548 2378 3603 mit
2430 3564 2545 3603 acc.
2605 3565 2651 3603 c.
2702 3547 2799 3602 inf.

1686 3620 1761 3676 So
1800 3622 1973 3677 sehon
2009 3621 2120 3675 Cic.
2161 3622 2317 3675 Verr.
2359 3626 2407 3675 1.
2441 3625 2523 3675 10.
2556 3650 2621 3659 -
2644 3634 2799 3688 pro-

1683 3693 2053 3759 fessionem.
2127 3690 2255 3763 Vgl.
2306 3697 2355 3749 7.
2393 3696 2443 3744 4.
2483 3695 2516 3744 8
2561 3690 2803 3759 maqicae

1685 3764 1825 3817 artis
1853 3762 2193 3833 professione
2226 3762 2343 3817 und
2378 3762 2470 3816 die
2510 3764 2669 3815 Anm.
2707 3760 2801 3813 da·

1684 3833 1875 3889 selbst.
1948 3834 2309 3889 Uebersetzee
2365 3832 2632 3902 Pflege,
2682 3830 2803 3883 Be-

1682 3904 1881 3961 trieb.
1940 3936 2007 3945 —-
2065 3908 2550 3975 corruperant,
2604 3901 2802 3956 hatten

1686 3975 2023 4031 entweiht
2056 3977 2174 4032 und
2202 3974 2451 4031 dadurch
2486 3972 2801 4029 veracht-

1683 4046 1827 4101 lich
1912 4048 2206 4116 emacht3
2256 4048 2603 4102 honestarum
2636 4042 2804 4112 (noch

1682 4118 1845 4171 mehr
1863 4066 2165 4188 {esagend
2201 4118 2286 4173 als
2322 4115 2650 4181 liberalium)
2690 4111 2805 4168 und

1684 4189 1849 4243 malis
1885 4188 2011 4243 sind
2050 4188 2413 4259 Gegensatze.
2578 4254 2591 4265 ·

1757 4263 1807 4313 8.
1846 4260 2231 4314 carminum.
2278 4258 2441 4313 Nach
2468 4256 2668 4309 Aman
2695 4270 2803 4308 wa-

1685 4344 1788 4383 ren
1835 4346 1895 4383 es
1940 4330 2170 4399 epische
2217 4328 2507 4384 Gedichte.
2547 4354 2614 4366 —
2652 4328 2804 4393 post
