3069 4749
856 116 1366 172 HISTORIARUM
1403 116 1833 172 ALEXANDRI
1868 117 2016 187 VIII,
2058 125 2138 174 11.

2549 116 2672 182 151

334 281 710 367 sagittarios
759 284 827 347 et
864 281 1193 366 Agrianos
1228 279 1411 345 iubet
1445 300 1566 364 per
1601 281 1802 346 ardua
1837 282 1988 346 niti:
2035 282 2425 367 iuvenesque
2463 301 2677 364 prom-

330 371 667 455 ptissimos
723 391 801 434 ex
856 392 975 434 sua
1030 368 1295 435 cohorte
1348 385 1492 432 xxx
1549 368 1808 456 delegit.
1907 370 2122 438 Duces
2176 370 2280 436 his
2336 369 2473 436 dati
2528 371 2682 432 sunt
2721 387 2786 436 10

332 458 583 526 Charus
630 463 697 524 et
741 458 1136 536 Alexander,
1200 479 1394 542 quem
1447 477 1562 522 rex
1614 458 1927 546 nominis,
1990 460 2162 547 quod
2222 459 2348 524 sibi
2403 480 2547 524 cum
2604 478 2679 521 eo

333 570 671 614 commune
718 552 917 632 esset,
973 547 1330 612 admonuit.
1419 544 1519 610 Ac
1564 548 1803 633 prim0,
1861 550 2012 634 quia
2067 552 2208 614 tam
2263 547 2680 612 manifestum

332 638 691 724 periculum
730 642 891 722 erat,
935 637 1149 720 ipsum
1190 656 1414 721 regem
1450 635 1798 702 discrimen
1836 638 2050 703 subire
2087 659 2220 705 non
2256 636 2522 721 placuitt
2569 634 2681 699 sed
2720 654 2784 702 11

334 731 411 792 ut
466 727 725 812 signum
777 726 940 790 tuba
984 725 1212 790 datum
1268 727 1396 809 est,
1450 724 1551 788 vir
1595 725 1902 791 audaciae
1947 730 2292 812 promptae
2338 745 2680 790 conversus

336 816 421 880 ad
457 815 745 900 corporis
781 814 1081 879 custodes
1120 812 1304 897 sequi
1337 833 1407 877 se
1435 812 1621 879 iubet
1646 815 2021 900 primusque
2049 815 2297 880 invadit
2333 813 2404 880 in
2439 833 2683 896 rupem.

335 903 474 970 Nec
520 904 745 968 deinde
782 905 1127 988 quisquam
1162 900 1598 968 Mocedonum
1638 903 1936 970 substitit
1975 903 2346 988 relictisque
2383 901 2680 967 stationi·

335 993 457 1058 bus
505 1015 622 1058 sua
668 995 895 1076 sponte
936 1012 1157 1078 regem
1195 990 1651 1076 sequebantur.
1730 991 2090 1058 Multorum
2128 989 2519 1056 miserabilis
2555 989 2680 1054 fuit
2720 1013 2784 1062 12

336 1103 544 1166 casus,
580 1103 745 1166 quos
784 1103 862 1146 ex
898 1083 1249 1165 praerupta
1273 1101 1434 1164 rupe
1461 1080 1682 1165 lapsos
1712 1082 1921 1146 amnis
1949 1079 2414 1166 praeterfluens
2444 1077 2682 1159 hausit,

335 1170 529 1236 triste
574 1170 1014 1254 spectaculum
1062 1169 1257 1235 etiam
1304 1189 1438 1233 non
1481 1169 2030 1254 periclitantibus:
2078 1192 2224 1235 cum
2269 1190 2421 1233 vero
2468 1167 2679 1232 alieno

339 1259 538 1324 exitio
547 1309 566 1344 ,
627 1259 780 1343 quid
833 1259 993 1342 ipsis
1049 1257 1407 1324 timendum
1462 1256 1664 1341 foret,
1729 1258 2254 1342 admonerentur,
2313 1257 2383 1321 in
2436 1259 2683 1322 metum

335 1347 783 1413 misericordia
824 1369 1014 1413 versa
1047 1369 1183 1411 non
1219 1346 1558 1431 extinctos,
1603 1343 1717 1412 sed
1755 1347 2138 1432 semetipsos
2173 1345 2513 1412 deflebant.
2593 1343 2683 1410 Et
2722 1370 2788 1418 13

334 1436 468 1502 iam
515 1458 591 1501 eo
637 1440 1019 1521 perventum
1067 1437 1225 1520 erat,
1270 1435 1439 1500 unde
1487 1437 1626 1500 sine
1672 1437 1956 1520 pernicie
1990 1437 2121 1501 nisi
2156 1435 2436 1501 victores
2473 1433 2685 1500 redire

332 1546 466 1589 non
494 1529 778 1609 possent,
814 1525 1107 1610 ingentia
1144 1545 1300 1589 saxa
1325 1523 1394 1588 in
1422 1525 1772 1590 subeuntes
1799 1525 2333 1610 provolventibus
2369 1522 2685 1606 barbaris,

338 1614 483 1696 quis
530 1614 814 1697 perculsi
858 1613 1160 1678 instabili
1206 1615 1272 1676 et
1315 1613 1567 1678 lubrico
1614 1614 1818 1699 gradu
1861 1614 2254 1698 praecipites
2289 1611 2684 1677 recidebant.

336 1700 701 1766 Evaserant
742 1704 963 1767 tamen
1006 1700 1377 1766 Alexander
1420 1705 1487 1766 et
1524 1700 1798 1786 Charus,
1845 1725 2008 1788 quos
2046 1724 2193 1768 cum
2229 1719 2374 1766 xxx
2412 1699 2680 1764 delectis
2723 1726 2790 1774 14

336 1791 764 1876 praemiserat
799 1813 931 1874 rex,
970 1793 1037 1855 et
1071 1790 1203 1856 iam
1239 1810 1531 1875 pugnare
1570 1791 1932 1857 comminus
1969 1793 2342 1877 coeperant:
2389 1789 2502 1854 sed
2537 1810 2683 1853 cum

339 1899 617 1962 superne
652 1879 788 1944 tela
822 1879 1088 1944 barbari
1124 1880 1512 1963 ingererent,
1559 1880 1818 1965 saepius
1867 1881 1997 1964 ipsi
2041 1879 2444 1945 feriebantur
2489 1899 2683 1963 quam

338 1967 783 2033 vulnerabant.
871 1966 1050 2053 Ergo
1088 1967 1457 2033 Alexander
1504 1972 1571 2033 et
1612 1968 1896 2034 nominis
1945 1969 2047 2034 sui
2092 1971 2159 2033 et
2202 1965 2506 2053 promissi
2555 1987 2683 2031 me·
2727 1991 2790 2040 15

338 2077 499 2142 mor,
544 2057 698 2121 dum
744 2057 954 2122 acrius
1004 2078 1201 2140 quam
1248 2057 1500 2121 cautius
1548 2057 1829 2141 dimicat,
1875 2056 2214 2123 confossus
2251 2055 2532 2140 undique
2571 2056 2685 2119 ob-

337 2145 564 2210 ruitur.
657 2143 862 2222 Quem
906 2149 983 2210 ut
1028 2141 1281 2210 Charus
1327 2145 1648 2212 iacentem
1695 2147 2048 2231 conspexit,
2091 2166 2274 2210 ruere
2320 2145 2392 2209 in
2425 2145 2685 2210 hostem
2725 2169 2790 2218 16

338 2234 628 2299 omnium
685 2239 945 2319 praeter
1006 2235 1327 2298 ultionem
1382 2235 1722 2299 immemor
1778 2234 1994 2320 coepit
2047 2235 2416 2318 multosque
2478 2233 2686 2316 hasta,

337 2322 896 2408 quosdam‘gladio
926 2322 1279 2389 interemit.
1326 2319 1451 2389 Sed
1470 2345 1618 2390 cum
1643 2326 1748 2391 tot
1776 2345 1978 2389 unum
2006 2324 2406 2389 incesserent
2431 2343 2684 2407 manuS,

336 2434 531 2496 super
586 2413 778 2479 amici
832 2434 1063 2497 corpus
1119 2412 1467 2497 procubuit
1524 2413 1860 2479 exanimis.

336 2522 457 2584 par
502 2505 659 2580 erat,
704 2502 1342 2587 promptissimorum
1386 2502 1693 2567 iuvenum
1748 2506 2233 2587 ceterorumque
2272 2501 2557 2566 militum
2593 2502 2685 2565 in-

337 2589 537 2654 teritu
582 2594 944 2654 commotus
989 2612 1102 2656 rex
1149 2591 1413 2674 signum
1456 2591 1745 2675 receptui
1789 2592 1985 2657 dedit.
2077 2589 2289 2656 Saluti
2323 2590 2469 2676 fuit,
2514 2590 2684 2677 quod
2725 2615 2791 2664 18

342 2676 582 2741 sensim
630 2683 695 2741 et
737 2678 1044 2761 intrepidi
1090 2700 1159 2743 se
1204 2683 1588 2765 receperunt
1633 2684 1698 2745 et
1745 2680 2007 2744 barbari
2054 2679 2311 2745 hostem
2359 2679 2684 2765 depulisse

231 2766 630 2849 4llcontenti
688 2786 820 2829 non
882 2766 1179 2831 institere
1244 2767 1636 2834 cedentibus.
1738 2764 2040 2834 Ceterum
2103 2767 2476 2832 Alexander
2539 2788 2683 2833 cum
2725 2792 2790 2842 19

342 2854 682 2918 statuisset
743 2853 1054 2919 desistere
1118 2854 1375 2939 incepto
1432 2892 1517 2904 —
1577 2856 1816 2942 quippe
1878 2857 2064 2921 nulla
2128 2877 2274 2940 spes
2338 2856 2687 2938 potiundae

339 2944 559 3025 petrae
608 2942 1000 3008 offerebatur
1040 2978 1115 2991 —-
1159 2946 1379 3009 tamen
1422 2945 1703 3030 speciem
1741 2945 2028 3011 ostendit
2062 2945 2133 3009 in
2170 2943 2504 3009 obsidione
2532 2966 2686 3030 >per-

337 3151 553 3207 Ablauf
593 3152 690 3207 des
739 3158 787 3208 7.
831 3152 1057 3223 Tages’.
1128 3154 1260 3226 Vgl.
1309 3156 1454 3210 oben

338 3229 421 3281 10.
460 3229 556 3291 313
590 3222 710 3279 Liv.
751 3230 801 3279 9.
839 3229 923 3280 34.
966 3230 1049 3280 13.
1089 3254 1155 3266 -—
1194 3242 1271 3280 ex
1304 3242 1453 3294 sua,

334 3294 487 3350 wohl
522 3318 591 3340 ετ
629 3310 697 3350 ex
730 3298 910 3366 νομέα,
949 3314 991 3350 s.
1031 3301 1081 3351 8.
1122 3303 1171 3352 6.
1210 3302 1259 3352 7.

408 3370 491 3421 10.
533 3365 819 3434 Charus,
850 3366 1205 3432 unbekannt;
1239 3367 1327 3423 his
1360 3368 1453 3423 be-

335 3435 487 3491 zieht
521 3436 642 3491 sich
678 3436 781 3492 auf
812 3437 902 3492 die
938 3437 1151 3493 zuletzt
1183 3438 1454 3493 Erwahn-

334 3510 432 3561 ten
467 3510 527 3576 (s.
567 3513 599 3575 ξ
638 3510 741 3577 14).

410 3583 491 3631 11.
530 3578 768 3633 deinde
786 3604 853 3625 =
872 3577 1198 3648 ‘femerhin,
1216 3580 1453 3651 langer’.

335 3646 464 3717 Vgl.
503 3649 647 3703 nihil
681 3650 876 3705 deinde
901 3651 1245 3706 memorabile
1270 3656 1453 3707 actem

333 3718 428 3773 bei
465 3718 672 3773 Livius.

408 3796 493 3843 12.
538 3792 876 3860 perculsi
927 3792 1079 3848 kann
1128 3792 1275 3847 nach
1325 3792 1453 3847 dem

330 3877 546 3932 ganzen
594 3859 845 3931 Connex,
890 3879 950 3918 so
994 3864 1142 3919 nahe
1179 3864 1323 3919 auch
1359 3864 1451 3919 die

333 3932 765 4003 cigentliche
791 3934 1121 4005 Bedeutung
1151 3934 1308 4005 liegh,
1344 3952 1450 3990 nur

331 4003 508 4059 soviel
546 4004 665 4058 sein
709 4004 817 4060 wie
852 4007 1153 4075 perterriti.

331 4074 519 4130 haben
567 4075 659 4131 die
702 4074 1007 4145 folgenden
1050 4076 1247 4133 Worte
1295 4076 1448 4146 Sinn,

329 4146 421 4200 die
466 4146 630 4201 einen
674 4147 909 4202 weitern
946 4146 1138 4201 Grund
1184 4147 1283 4203 des
1312 4150 1446 4203 reci·

329 4216 453 4271 dere
506 4216 813 4273 enthalten.
860 4248 931 4259 ·—-
974 4219 1297 4273 instabili
1340 4218 1447 4275 wie

332 4291 382 4342 7.
421 4293 503 4341 11.
545 4293 639 4357 163
688 4288 943 4359 dagegen
986 4288 1065 4344 ist
1108 4290 1319 4345 lubrico
1354 4289 1447 4344 ein

1227 4004 1351 4061 Nur
1386 4023 1449 4062 so

1562 3156 2060 3283 pugewohnligges
2095 3174 2150 3210 u.
2196 3154 2418 3209 kflhnes
2451 3152 2683 3224 Epithe-

1591 3243 1662 3283 on
1697 3243 1810 3282 von
1879 3244 1912 3281 r
1986 3244 2067 3283 ue.

1638 3303 1719 3352 14.
1752 3243 2480 3366 prgemiseratsbetont.
2550 3295 2686 3351 Dies

1560 3368 1639 3422 ist
1674 3372 1705 3435 5
1743 3374 1775 3423 9
1814 3370 1960 3424 noch
1995 3368 2157 3424 nicht
2191 3370 2408 3439 gesagt.

1637 3444 1720 3493 15.
1789 3441 2139 3507 confossus
2201 3441 2536 3509 undique,
2601 3455 2684 3494 er·

1561 3514 1735 3579 ganzo
1753 3512 1874 3567 telis
1893 3528 1992 3567 aus
2010 3517 2042 3578 ἓ
2060 3518 2152 3580 143
2181 3511 2434 3567 obruitwr
2456 3536 2524 3556 =
2543 3510 2684 3565 vird

1563 3581 1914 3637 schliesslich
1967 3600 2111 3653 ganz
2171 3581 2484 3637 fiberdeckt
2546 3580 2684 3651 (und

1562 3652 2044 3723 niedergerissen).
2102 3652 2261 3709 Doch
2289 3651 2365 3707 ist
2393 3651 2483 3706 die
2504 3651 2684 3707 Stella

1561 3722 1954 3791 befremdlich3
1995 3727 2151 3781 sonst
2183 3723 2425 3778 braucht
2462 3720 2520 3778 Ο.
2559 3724 2686 3777 telis

1560 3794 1784 3862 anestia,
1837 3796 2063 3864 iaculis)
2117 3796 2340 3863 confodi
2391 3793 2506 3848 und
2559 3794 2684 3848 telis

1559 3866 1720 3921 obrui
1747 3868 1891 3921 ohne
1919 3866 2306 3922 Unterschied.
2370 3864 2499 3935 Vgl.
2528 3864 2678 3919 fibri-

1555 3953 1693 4007 gens
1722 3942 1770 3992 8.
1805 3942 1887 3991 14.
1910 3942 1980 3993 40
2007 3938 2130 3993 telis
2155 3938 2398 4005 undique
2423 3936 2678 3991 obruitur

1556 4008 1905 4077 confossoque
1939 4024 2000 4063 eo
2035 4009 2342 4079 immunitior.

1629 4084 1712 4134 17.
1784 4079 1967 4135 haud
2036 4095 2222 4135 secus
2279 4096 2328 4148 q.
2377 4094 2442 4148 p.
2511 4083 2675 4134 erat.

1554 4148 1776 4205 Ebenso
1813 4156 1863 4205 3.
1902 4156 1950 4204 2.
1994 4155 2022 4204 1
2061 4168 2113 4205 u.
2153 4156 2204 4206 δ.

1629 4224 1712 4275 18.
1769 4222 2083 4277 contenti.
2157 4221 2342 4277 Ueber
2377 4220 2486 4276 den
2521 4219 2674 4276 infin.

1555 4308 1598 4345 s·
1637 4297 1690 4350 4.
1730 4296 1811 4347 12.
1854 4295 1937 4349 15.
2367 4298 2380 4317 ⁸

1959 2412 2154 2479 Haud
2215 2434 2427 2498 secus,
2490 2434 2684 2497 quam
2726 2438 2790 2487 17
