3069 4749
21 327 52 1174 Ἱεήτ-*τξ-Ίκιν-ςα

902 154 1414 211 HISTORIARUM
1452 153 1887 209 ALEXANDRI
1922 153 1991 225 Χ,
2028 159 2079 208 4.
2534 150 2663 217 227

309 318 436 385 Per
478 321 840 385 universum
883 323 1038 384 certe
1079 318 1410 401 imperium
1457 317 1653 401 luqeri
1694 338 1834 383 eum
1878 318 2091 383 iussit:
2146 320 2206 381 et
2245 336 2323 380 ne
2366 316 2667 380 memoria

310 409 440 473 eius
503 409 573 473 in
635 408 901 473 exercitu
963 407 1334 490 emolesceret,
1397 407 1723 488 equitibus,
1786 407 1925 488 quis
1976 404 2365 489 praefuerat,
2418 404 2665 469 nullum

298 495 604 599 praefecit
644 498 881 580 ducem,
926 496 1034 561 sed
1072 494 1553 577 Hephaestionis
1596 496 1767 560 atam
1812 494 2117 578 appellari
2160 494 2353 558 voluit
2386 497 2466 576 et,
2511 512 2667 573 quac

309 585 416 650 ille
483 586 666 669 siqna
727 585 1118 661 instituisset,
1183 603 1257 647 ea
1316 603 1443 648 non
1506 584 1847 648 immutari.
1937 582 2261 647 Funebria
2322 582 2663 646 certamina

312 673 626 759 ludosque,
671 673 882 755 quales
923 692 1262 754 numquam
1307 672 1455 737 editi
1489 672 1779 773 fuissent,
1823 672 2153 737 meditatus
2189 671 2315 735 tria
2350 670 2662 751 artificum

310 761 493 826 milia
535 764 755 845 ooeyit:
797 762 910 863 qui
951 780 1078 826 non
1113 761 1308 825 multo
1347 764 1488 842 post
1520 762 1592 823 in
1624 762 1827 841 ipsius
1859 761 2130 841 eoeequiis
2165 764 2421 824 certasse
2451 758 2663 839 ferun-

311 855 429 913 tur.
502 850 634 915 Nec
676 850 866 913 amici
901 854 1032 913 tam
1075 848 1268 928 effuso
1313 848 1557 928 adfectu
1600 850 1688 913 ad
1728 848 2180 913 conciliandam
2225 849 2357 911 eius
2385 848 2661 929 qratiam

308 938 570 1019 seqniter
611 940 712 1002 usi
755 938 1036 1002 certatim
1074 956 1412 1021 reficerem,
1446 957 1567 1018 per
1600 956 1758 1019 quae
1790 938 2092 1001 memoria
2126 936 2398 1016 defuncti
2432 936 2663 999 clarior

307 1024 778 1107 honoratiorque
819 1026 1004 1127 fieret.
1076 1025 1288 1108 Iqitur
1321 1026 1657 1109 Eumenes,
1704 1044 1842 1089 cum
1886 1044 1951 1090 se
1994 1025 2067 1089 ob
2110 1024 2484 1088 simultatem
2520 1043 2659 1087 cum

306 1112 760 1196 Hephaestione
829 1115 994 1197 reqis
1065 1114 1553 1197 indi9natioowm
1623 1115 2001 1179 contradisse
2070 1114 2374 1196 saisisset,
2447 1110 2661 1193 multis

307 1207 521 1266 auctor
560 1202 688 1282 fuit
731 1222 906 1284 seque
949 1207 1007 1266 et
1047 1222 1234 1265 arma
1267 1221 1387 1266 sua
1422 1202 1871 1285 Hephaestioni
1906 1200 2300 1267 consecrandi
2331 1200 2658 1282 pecunias·

306 1310 422 1371 que
465 1290 552 1354 ad
593 1290 1102 1355 cohonestandum
1144 1291 1340 1371 funus
1385 1290 1555 1372 larqe
1598 1291 1869 1357 contulit.
1951 1290 2093 1355 Hoc
2135 1290 2476 1370 exemplum
2520 1288 2659 1351 imi-

308 1379 426 1443 tati
477 1383 625 1443 sunt
685 1380 887 1443 ceteri:
951 1399 1132 1461 eoque
1188 1398 1332 1443 moa·
1373 1380 1676 1461 processit
1729 1380 2225 1445 adsentationum
2278 1378 2659 1459 inpudentia,

304 1472 378 1531 ut
426 1468 559 1549 reqi
610 1487 886 1532 maerore
937 1472 995 1531 et
1047 1468 1343 1532 desiderio
1397 1467 1671 1547 defuncti
1722 1468 2062 1532 insanienti
2095 1486 2465 1548 persuasum
2520 1471 2657 1529 tan-

306 1556 441 1620 dem
492 1554 712 1640 fuerit,
764 1556 946 1620 deum
999 1575 1122 1621 esse
1175 1554 1705 1637 Hephaestionem.
1798 1555 1930 1636 Quo
1984 1556 2229 1637 quidem
2284 1560 2543 1635 tempore
2586 1573 2659 1617 ea:

307 1643 624 1724 copiarum
668 1643 922 1709 ducibus
963 1642 1329 1726 Aqathoclcs
1373 1642 1631 1709 Samius
1674 1645 1763 1709 ad
1802 1649 2137 1709 eoetremum
2168 1644 2436 1726 periculi
2478 1642 2658 1719 venit,

306 1732 472 1813 quod
513 1730 688 1797 illius
733 1731 1040 1797 tumulum
1072 1733 1456 1813 praeteriens
1497 1733 1926 1798 inlacrimasse
1959 1733 2130 1798 visus
2164 1738 2327 1797 esset.
2400 1732 2497 1796 Ac
2532 1730 2659 1795 nisi

305 1818 633 1884 Perdiccas
693 1821 945 1885 venanti
1003 1820 1126 1886 sibi
1178 1820 1694 1903 Hephaestionem
1756 1822 2119 1904 adparuisse
2180 1822 2659 1900 ementitus-per

305 1908 446 1973 deos
489 1926 696 1973 omnes
738 1910 1060 1991 ipsumque
1101 1908 1616 1991 Hephaestionem
1660 1911 2013 1994 deierasset,
2054 1930 2129 1974 ex
2172 1912 2305 1991 ipso
2350 1929 2412 1975 se
2446 1927 2657 1992 coqne-

304 1997 485 2078 visse,
547 1994 945 2079 Ayathoclem
1006 2018 1133 2063 non
1193 2003 1266 2062 ut
1323 2003 1639 2063 mortuum
1700 2003 1759 2063 et
1812 2018 2013 2064 vanae
2062 1999 2409 2064 divinitatis
2462 1996 2658 2061 titulis

301 2083 547 2164 frustra
601 2090 892 2151 ornatwm
935 2086 1194 2171 flevisse,
1247 2106 1458 2151 verum
1501 2087 1575 2151 ob
1618 2088 1981 2152 memoriam
2019 2088 2327 2169 pristinae
2368 2086 2657 2151 sodalita-

306 2174 388 2238 tis
433 2174 726 2238 lacrimas
773 2194 900 2239 non
945 2176 1230 2253 terruisse,
1284 2176 1383 2239 vir
1425 2174 1613 2276 fortis
1657 2180 1714 2240 et
1756 2178 1829 2241 de
1870 2196 2006 2258 reqe
2050 2176 2192 2241 bene
2235 2176 2489 2240 meritus
2522 2175 2654 2256 pie-

305 2262 453 2327 tatis
496 2263 568 2325 in
612 2263 884 2327 amicum
922 2283 1140 2345 qraves
1171 2282 1411 2345 poenas
1453 2264 1711 2329 innoxio
1756 2266 1953 2347 capite
1984 2266 2383 2367 pependisset.

481 2347 760 2416 Oetermn
803 2355 876 2416 ut
904 2352 1258 2434 paulisper
1274 2371 1316 2417 a
1363 2352 1544 2418 luctu
1573 2358 1855 2418 avocaret
1894 2354 2204 2432 animum,
2262 2355 2333 2419 in
2378 2351 2655 2420 Cossaeo-

301 2459 446 2504 rum
454 2436 512 2524 4)
550 2444 789 2522 qentem
833 2441 1274 2523 eoepeditionem
1317 2441 1592 2524 suscepit.
1674 2442 1841 2525 qua
1882 2443 2135 2508 Mediae
2166 2444 2373 2508 vicina
2408 2441 2656 2508 Cossaei

305 2532 526 2610 tenent,
571 2547 859 2609 asperum
893 2534 951 2594 et
982 2549 1122 2594 acre
1151 2549 1346 2613 yenus
1379 2535 1439 2594 et
1469 2531 1832 2612 praedando
1867 2532 2059 2596 vitam
2098 2532 2355 2598 tolerare
2387 2533 2653 2597 solitum.

303 2614 406 2679 Ab
440 2615 538 2680 his
569 2615 908 2681 Persarum
941 2637 1108 2700 reyes
1142 2638 1354 2683 annuo
1389 2617 1615 2684 tributo
1638 2638 1861 2702 pacem
1886 2621 2181 2686 redimere
2205 2623 2653 2698 consueverant,

304 2723 381 2766 ne
433 2703 504 2766 in
555 2703 822 2768 subiecta
875 2706 1250 2770 decurrentes
1299 2705 1590 2786 infestam
1636 2708 1980 2774 latrociniis
2022 2710 2327 2793 reqionem
2367 2711 2651 2791 facerent.

305 2790 479 2856 Nam
521 2793 648 2856 vim
683 2796 1038 2874 temptantes
1071 2793 1301 2859 Persas
1339 2795 1526 2874 facile
1558 2797 1979 2879 reppulerant,
2023 2799 2351 2900 asperitate
2384 2799 2652 2862 locorum

303 2879 560 2959 defensi,
632 2881 706 2943 in
765 2900 924 2962 quae
986 2901 1050 2947 se
1110 2883 1499 2965 recipiebant,
1571 2886 1848 2966 quotiens
1917 2887 2115 2951 armis
2184 2887 2649 2968 superabantur.

301 2967 506 3032 Iidem
559 2969 916 3034 muneribus
966 2972 1296 3052 quotannis
1336 2972 1777 3054 placabantur,
1840 2979 1911 3039 ut
1953 2976 2083 3058 reqi
2124 2975 2489 3054 Ecbatanis,
2544 2973 2652 3038 ubi

301 3055 534 3121 aestiva
593 3056 824 3122 solebat
879 3078 1079 3142 aqere,
1142 3059 1525 3144 Babylonem
1588 3063 1953 3145 remiqranti
2013 3067 2177 3128 tutus
2219 3083 2336 3145 per
2390 3083 2464 3128 ea
2520 3061 2650 3127 loca

302 3145 604 3210 transitus
647 3151 810 3210 esset.
889 3146 1029 3214 Hos
1072 3149 1268 3230 iqitur
1311 3147 1669 3215 Alexander
1714 3151 2004 3234 bipartito
2048 3152 2293 3235 aqmine
2327 3153 2649 3234 adgressus

297 3234 472 3298 intra
524 3234 942 3316 quadraqinta
994 3237 1124 3301 dies
1166 3237 1532 3318 perdomuit.
1625 3239 1799 3303 Nam
1852 3240 1931 3304 ab
1983 3241 2115 3343 ipso
2158 3260 2299 3326 reqo
2349 3247 2407 3305 et
2449 3239 2645 3304 Ptole-

295 3341 495 3401 maeo,
539 3323 651 3405 qui
682 3328 930 3426 partem
973 3325 1270 3390 exercitus
1312 3326 1589 3411 ducebat,
1636 3347 1813 3412 saepe
1856 3331 2040 3407 caesi,
2085 3333 2158 3394 ut
2200 3330 2467 3412 captivos
2505 3347 2647 3394 suos

296 3412 652 3494 reciperent,
711 3414 1048 3494 permisere
1107 3431 1171 3478 se
1230 3414 1461 3479 victori.
1560 3415 1611 3479 I
1607 3416 1683 3481 lle
1743 3417 1988 3482 validas
2048 3417 2228 3483 urbes
2290 3417 2649 3500 opportunis

300 3497 444 3563 locis
507 3501 712 3563 extrui
773 3502 980 3580 iussit,
1044 3521 1122 3566 ne
1184 3502 1440 3567 abducto
1501 3505 1767 3569 exercitu
1812 3506 1953 3584 fera
2006 3526 2158 3590 qens
2208 3507 2645 3571 oboedientiam

298 3592 553 3651 exueret.
622 3588 822 3654 Motis
865 3551 1010 3655 inde
1052 3591 1298 3673 castris,
1343 3595 1416 3654 ut
1456 3593 1712 3658 militem
1757 3595 2131 3676 exepeditione
2162 3597 2384 3660 recenti
2415 3595 2645 3697 fessum

297 3673 586 3756 reficeret,
651 3676 807 3742 lento
860 3679 1106 3761 aqmine
1158 3641 1543 3762 Babylonem
1587 3682 1958 3764 procedebat.
2058 3683 2320 3766 Iamque
2372 3685 2480 3748 via:
2532 3683 2645 3746 tri-

289 3764 474 3846 qinta
526 3764 604 3828 ab
656 3765 802 3830 urbe
853 3768 1074 3832 stadiis
1124 3767 1360 3852 aberat,
1414 3789 1555 3834 cum
1598 3769 1921 3836 Nearchus
1964 3773 2251 3855 occurrit,
2309 3793 2485 3853 quem
2526 3791 2643 3853 per

298 3849 610 3917 Oceanum
662 3857 720 3918 et
768 3855 1120 3938 Euphratis
1170 3859 1329 3921 ostia
1373 3857 1757 3940 Babylonem
1800 3862 2242 3941 praemiserat:
2297 3861 2642 3942 orabatque,

294 3960 371 4005 ne
411 3939 672 4021 fatalem
716 3943 836 4008 sibi
876 3945 1087 4010 urbem
1131 3945 1306 4010 vellet
1346 3946 1601 4029 inqredi.
1678 3946 2045 4031 Conpertum
2090 3953 2149 4012 et
2189 3949 2309 4013 sibi
2342 3970 2417 4015 ex
2456 3947 2642 4014 Chal—

434 4170 492 4237 4)
529 4168 988 4225 Cossaeorum.
1063 4170 1114 4225 S.
1165 4171 1306 4228 oben
1355 4177 1671 4229 4.12.10.
1748 4174 1931 4228 Ueber
1982 4173 2089 4228 den
2136 4175 2256 4247 Zug
2300 4176 2639 4234 Alexanders

269 4170 492 4363 {1353ss
497 4255 592 4364 ls'le
623 4239 741 4366 3111·
763 4239 889 4296 dem
927 4240 1244 4313 Rfickwege
1282 4259 1389 4298 von
1427 4243 1719 4299 Ecbatana
1752 4243 1898 4298 :nach
1937 4243 2187 4314 Babylon
2226 4265 2265 4303 s,
2306 4251 2425 4304 Arr
2468 4255 2637 4316 7.15;

2109 4408 2217 4461 15*
