3069 4749
985 1108 1084 1211 Q.
1129 1096 1512 1193 OURTI
1557 1108 1865 1191 RUFI

1165 1280 1675 1337 ffls'romARUM

687 1464 1573 1562 ALEXANDRI
1655 1461 2152 1559 MAGNI

1127 1654 1707 1743 MAcnnoms

1261 1831 1481 1887 LIBER
1515 1832 1584 1887 X.

1304 1992 1462 2060 OAP.
1505 1994 1558 2058 I.

189 2142 228 2207 1
427 2138 648 2205 Isdem
696 2138 829 2203 fere
875 2138 1098 2203 diebus
1146 2134 1464 2202 Cleander
1508 2139 1576 2201 et
1620 2132 1893 2201 Sitalces
1940 2138 2006 2199 et
2054 2156 2199 2200 cum
2244 2136 2593 2221 Agathone
2637 2152 2665 2199 1

245 2227 550 2295 Heracon
586 2228 1073 2311 superveniunt,
1111 2226 1221 2311 qui
1247 2225 1744 2291 Parmenionem
1779 2224 1963 2291 iussu
1999 2224 2173 2311 regis
2212 2224 2598 2294 occiderant.

199 2386 204 2390 ,
248 2338 295 2386 v
341 2318 525 2384 milia
568 2316 862 2403 peditum
907 2338 1053 2382 cum
1099 2315 1425 2400 equitibus
1471 2313 1667 2394 mille,
1713 2314 1829 2380 sed
1863 2316 1929 2379 et
1966 2316 2373 2380 accusatores
2412 2336 2523 2382 eos
2562 2337 2597 2382 e
2633 2330 2665 2378 2

247 2407 599 2493 provincia,
645 2407 748 2472 cui
784 2405 1216 2490 praefuerant,
1263 2405 1728 2489 sequebantur:
1774 2425 1894 2469 nec
1944 2407 2049 2469 tot
2083 2403 2391 2487 facinora,
2440 2410 2598 2490 quot

252 2497 676 2580 admiserant,
730 2516 1127 2578 conpensare
1181 2495 1491 2578 poterant
1546 2491 1758 2557 caedis
1814 2514 2126 2577 perquam
2181 2497 2407 2580 gratae
2457 2495 2599 2580 regi

249 2584 630 2650 ministerio.
720 2583 971 2666 Quippe
1027 2605 1175 2648 cum
1221 2581 1442 2648 omnia
1481 2581 1763 2665 profana
1808 2581 2225 2668 spoliassent,
2264 2600 2351 2648 ‘ne
2398 2583 2597 2649 sacris
2637 2597 2669 2646 3

249 2671 511 2756 quidem
549 2671 998 2736 abstinuerant
1033 2671 1446 2756 virginesque
1483 2673 1549 2735 et
1584 2670 1908 2754 principes
1945 2670 2337 2736 feminarum
2370 2675 2598 2756 stupra

251 2781 594 2844 perpessae
651 2782 994 2844 corporum
1047 2759 1328 2824 ludibria
1386 2759 1726 2824 deflebant.
1822 2757 2113 2823 Invisum
2170 2757 2598 2826 Macedonum
2635 2777 2669 2823 4

251 2871 489 2915 nomen
536 2849 810 2914 avaritia
855 2870 1078 2914 eorum
1125 2869 1200 2912 ac
1243 2847 1448 2914 libido
1493 2847 1790 2913 barbaris
1825 2845 2081 2912 fecerat.
2153 2844 2333 2912 Inter
2370 2869 2593 2915 omnes
2634 2866 2665 2914 5

251 2941 472 3003 tamen
517 2937 841 3004 eminebat
886 2935 1188 3003 Cleandri
1232 2936 1437 3022 furor,
1484 2936 1595 3022 qui
1638 2935 1929 3002 nobilem
1972 2934 2291 3020 virginem
2339 2940 2597 3018 constu-¹

255 3029 508 3110 pratam
537 3042 726 3092 servo
755 3048 870 3092 suo
897 3026 1173 3111 pelicem
1201 3024 1479 3092 dederat.
1534 3024 1834 3108 Plerique
1866 3024 2217 3090 amicorum
2244 3022 2596 3090 Alexandri
2634 3043 2667 3092 6

254 3135 386 3180 non
421 3119 558 3180 tam
595 3114 952 3200 criminum,
999 3136 1163 3199 quae
1203 3115 1421 3198 palam
1459 3113 1921 3196 obiciebantur,
1960 3111 2368 3178 atrocitatem
2407 3135 2599 3198 quam

715 3331 842 3416 Car.
879 3358 920 3416 I.

330 3455 378 3503 1.
435 3450 657 3506 Isdem
709 3450 852 3516 fere
905 3447 1174 3516 diebus,
1228 3449 1374 3504 nach

253 3517 460 3576 Arrian
485 3519 850 3590 gleichzeitig
875 3518 982 3574 mit
1007 3519 1116 3575 den
1145 3536 1246 3575 aus
1264 3520 1375 3576 den

260 3589 649 3660 umliegenden
659 3589 956 3660 Satrapien
973 3590 1376 3646 eintreffenden

261 3660 790 3730 Transportmitteln
816 3680 859 3718 s.
879 3667 930 3716 9.
953 3667 1035 3716 10.
1057 3667 1142 3716 22.
1179 3660 1374 3718 Uebri-

260 3747 398 3802 gens
431 3734 606 3787 nennt
640 3731 842 3788 Arrian
878 3732 1234 3788 dieselben
1260 3731 1371 3788 Na—

261 3818 390 3856 men
424 3819 616 3858 ausser
645 3803 937 3874 Agathou,
974 3804 1073 3860 der
1108 3803 1242 3860 aber
1279 3820 1373 3861 an-

253 3873 528 3929 der-warte
564 3874 656 3929 bei
692 3875 810 3929 ihm
847 3873 931 3930 als
959 3873 1242 3930 Anffihrer
1275 3875 1376 3930 der

253 3944 636 4016 Odrysischen
659 3944 904 4001 Reiterei
939 3945 1274 4003 vorkommt.
1305 3975 1372 3986 -

259 4017 676 4083 occiderant,
721 4035 763 4072 s.
805 4023 852 4072 ’1.
893 4023 942 4073 2.
982 4023 1075 4084 2⁷3
1121 4017 1375 4073 welchen

262 4087 491 4144 Antheil
534 4087 802 4158 Agathou
847 4089 962 4144 und
999 4089 1259 4145 Heracon
1303 4103 1376 4143 an

255 4157 359 4213 -der
391 4159 744 4230 Ermordung
780 4159 1121 4216 Parmenio's
1157 4159 1374 4226 hatten,

262 4227 336 4283 ist
363 4229 712 4299 unbekannt3
751 4232 890 4287 fiber
918 4231 1152 4286 Sitalces
1178 4247 1224 4283 s.
1251 4228 1374 4284 Arr.

262 4303 314 4354 3.
349 4305 436 4356 26.
472 4307 521 4356 3.
569 4333 636 4342 --
683 4303 796 4358 sed
839 4307 897 4358 et
939 4299 1038 4357 fflr.
1073 4301 1166 4357 sed
1211 4301 1374 4356 etiam

367 4400 558 4452 Voenn,
585 4400 634 4452 Q.
667 4399 868 4443 Curtius.
921 4400 984 4442 ΙΙ.

1478 3307 1583 3362 hat
1618 3305 1763 3361 auch
1800 3303 1993 3362 Cicero
2030 3304 2355 3374 vereinzelt3
2395 3307 2598 3362 ebenso

1475 3393 1691 3444 verum,
1740 3381 1801 3432 at
1846 3381 1925 3442 et,-
1977 3377 2039 3432 in
2092 3375 2191 3431 der
2237 3376 2414 3448 Regel
2460 3375 2601 3448 geht

1480 3447 1576 3504 ein
1626 3463 1741 3504 non
1794 3447 1976 3515 mode,
2029 3464 2145 3504 ‘non
2195 3449 2371 3503 solum
2424 3464 2599 3504 voran

1481 3519 1617 3575 oder
1668 3518 1771 3590 ist,
1824 3518 1933 3574 wie
1980 3519 2128 3588 hier,
2184 3537 2252 3574 zu
2307 3523 2610 3588 erganzen.

1480 3621 1551 3631 —-
1594 3591 1980 3646 ministerio
2027 3590 2133 3645 wie
2180 3595 2228 3645 5.
2281 3595 2361 3644 12.
2414 3594 2479 3644 15
2526 3590 2603 3646 ad

1479 3661 1846 3716 ministerimn
1880 3662 2092 3717 scelests
2127 3661 2447 3730 delegerant.

1553 3738 1603 3787 2.
1634 3733 1989 3802 principes
2022 3733 2443 3799 feminarum.
2495 3729 2600 3787 Die

1479 3803 1699 3858 Frauen
1761 3801 1860 3858 der
1912 3801 2321 3858 Kaiserfamilie
2378 3801 2601 3858 heissen

1477 3875 1573 3930 bei
1594 3874 1725 3930 Tac.
1752 3893 1805 3930 u.
1832 3872 1977 3930 Plin.
2007 3873 2298 3930 mehrfaeh
2316 3875 2602 3944 principes

1479 3943 2601 4015 feminae—ludibria,Entehrung,

1482 4015 1590 4072 wie
1628 4021 1679 4070 4.
1721 4021 1803 4072 10.
1841 4021 1910 4070 27
1948 4015 2193 4070 ludibria
2228 4031 2479 4070 meorum.

1556 4093 1605 4144 5.
1652 4088 1851 4143 Inter
1882 4101 2127 4154 omnes,
2169 4102 2413 4159 compar.
2453 4103 2600 4142 oom-

1481 4157 1772 4228 pendiaria
1816 4156 1907 4210 fsu
1951 4157 2096 4212 inter
2149 4159 2391 4212 omnium
2446 4157 2599 4226 furo-

1481 4246 1595 4285 rem
1629 4230 1736 4286 wie
1772 4233 1823 4284 3.
1864 4231 1911 4281 1.
1950 4232 1985 4281 4
2022 4229 2167 4285 color
2193 4229 2420 4298 placido
2456 4229 2601 4284 mari

1480 4301 1694 4358 similis.

2112 4393 2177 4443 14
