3069 4749
768 138 1284 206 HISTORIARUM
1317 137 1751 194 ALEXANDRI
1786 138 1943 209 VIII,
1985 145 2065 195 12.
2110 145 2191 195 13.
2480 151 2487 160 “
2520 138 2649 204 155

299 305 426 372 fide
470 305 896 370 remittuntur
942 302 1023 368 ad
1067 322 1307 387 regem.
1396 301 1638 367 Porum
1686 322 1939 386 quoque
1986 302 2269 368 nominis
2318 302 2419 367 sui
2472 302 2650 368 fama
2688 325 2719 372 2

299 397 481 460 ratus
531 394 612 459 ad
657 392 1051 458 deditionem
1096 410 1290 474 posse
1337 391 1650 474 conpelli,
1696 390 1880 455 misit
1921 389 2002 455 ad
2050 411 2197 456 eum
2236 387 2653 476 Cleocharen,

303 484 415 568 qui
451 482 864 547 denuntiaret
899 481 986 563 ei,
1031 483 1106 544 ut
1141 479 1533 562 stipendium
1580 479 1887 562 penderet
1925 482 1992 543 et
2026 479 2095 544 in
2135 480 2347 563 primo
2387 501 2652 546 suorum

299 572 530 636 finium
577 570 758 636 aditu
803 572 1167 635 occurreret
1219 568 1377 654 regi.
1464 568 1675 633 Porus
1722 568 2000 632 alterum
2048 589 2124 632 ex
2178 567 2283 633 his
2329 568 2652 634 facturum

302 682 445 726 sese
497 658 866 744 respondit,
923 661 998 722 ut
1050 656 1327 721 intranti
1380 676 1654 742 regnum
1712 678 1899 721 suum
1953 660 2215 740 praesto
2276 662 2477 742 esset,
2541 658 2654 722 sed

303 753 610 816 armatus.
696 747 837 812 Iam
881 745 1243 830 Hydaspen
1288 744 1659 810 Alexander
1704 765 2008 829 superare
2055 745 2455 828 decreverat,
2505 768 2651 812 cum
2688 766 2721 814 3

303 838 722 922 BarzaenteS,
775 834 1160 901 defectionis
1205 833 1587 900 Arachosiis
1635 837 1888 918 auctor,
1950 833 2203 899 vinctus
2248 835 2654 920 trigintaque

305 926 638 1010 elephanti
675 923 868 992 simul
905 923 1082 1006 capti
1122 923 1589 1008 perducuntur,
1635 927 2074 1007 opportunum
2112 923 2416 989 adversus
2452 923 2649 988 Indos

303 1015 644 1098 auxilium,
709 1015 946 1099 quippe
1009 1011 1158 1096 plus
1221 1012 1292 1076 in
1349 1012 1563 1077 beluis
1638 1034 1835 1096 quam
1897 1011 1967 1076 in
2034 1013 2321 1078 exercitu
2382 1013 2523 1096 spei
2576 1034 2651 1078 ac

300 1105 539 1170 virium
602 1103 736 1168 illis
791 1104 949 1166 erat.
1051 1097 1366 1165 Samaxus
1432 1121 1713 1186 quoque,
1776 1121 1891 1166 rex
1950 1100 2221 1185 exiguae
2282 1103 2487 1186 partis
2551 1101 2657 1166 In·
2691 1121 2727 1170 4

305 1193 561 1278 dorum,
624 1192 736 1278 qui
787 1190 1136 1256 Barzaenti
1201 1210 1270 1253 se
1327 1191 1782 1274 coniunxerat,
1845 1188 2103 1253 vinctus
2160 1189 2471 1256 adductus
2538 1193 2656 1257 est.

303 1281 514 1366 Igitur
577 1279 920 1363 transfuga
984 1283 1050 1344 et
1113 1277 1342 1363 regulo
1405 1279 1475 1343 in
1541 1278 1927 1360 custodiam,
1999 1277 2367 1362 elephantis
2434 1283 2653 1344 autem
2692 1298 2723 1348 5

303 1370 518 1435 Taxili
552 1369 810 1434 traditis
850 1367 929 1432 ad
969 1388 1226 1432 amnem
1260 1365 1617 1452 Hydaspen
1651 1365 1974 1451 pervenit,
2016 1367 2087 1430 in
2124 1367 2305 1432 cuius
2343 1367 2653 1434 ulteriore

299 1455 1452 1631 {31³21.¹{{2¹2202⁰”3{?.22⁸;'⁶..¹⁵³23531¹2
1474 1455 2655 1629 Pssssssffl-ffiuZffleemfflssffixessss
2692 1477 2725 1524 ⁶

305 1657 534 1702 currus
569 1651 696 1701 ccc
735 1637 802 1699 et
844 1634 1131 1718 peditum
1170 1651 1318 1697 xxx
1361 1634 1498 1698 fere
1534 1634 1748 1716 milia,
1794 1633 1864 1697 in
1903 1632 2049 1716 quis
2087 1637 2274 1698 erant
2312 1633 2660 1718 sagittarii,

307 1723 500 1789 sicuti
546 1727 695 1789 ante
741 1723 986 1788 dictum
1033 1725 1158 1801 est,
1203 1722 1611 1808 gravioribus
1656 1721 1809 1786 telis
1824 1771 1841 1804 ,
1887 1742 2084 1806 quam
2132 1725 2207 1784 ut
2251 1723 2402 1805 apte
2449 1723 2661 1787 excuti

305 1817 594 1899 possent.
670 1813 893 1897 Ipsum
938 1810 1220 1877 vehebat
1264 1810 1649 1895 elephantus
1700 1830 1891 1894 super
1938 1813 2183 1874 ceteras
2230 1809 2459 1876 beluas
2505 1811 2659 1875 emi«
2700 1832 2729 1878 7

305 1923 466 1967 nens
513 1922 821 1987 armaque
876 1920 1034 1965 auro
1080 1904 1147 1965 et
1201 1903 1470 1985 argento
1527 1900 1835 1965 distincta
1881 1919 2115 1981 corpus
2171 1919 2359 1964 rarae
2412 1900 2660 1984 magni-

308 1991 556 2056 tudinis
607 1989 1065 2056 honestabant.
1155 1987 1286 2052 Par
1340 1989 1599 2053 animus
1659 1987 1880 2053 robori
1934 1986 2222 2070 corporis
2270 1991 2361 2072 et,
2417 1991 2662 2073 quanta

199 2082 292 2149 45
311 2080 483 2144 inter
517 2079 710 2144 rudes
755 2081 1016 2162 poterat
1058 2099 1229 2161 esse,
1277 2077 1613 2161 sapientia.
1689 2075 2074 2142 Macedonas
2110 2097 2243 2140 non
2278 2082 2660 2161 conspectus
2698 2098 2731 2146 8

310 2167 600 2233 hostium
655 2168 892 2250 solum,
957 2167 1068 2231 sed
1125 2167 1325 2231 etiam
1380 2165 1696 2249 fluminis,
1759 2165 1931 2250 quod
1985 2165 2449 2230 transeundum
2504 2169 2662 2250 erat,

309 2256 691 2343 magnitudo
745 2256 1051 2321 terrebat.
1153 2272 1262 2320 1111
1315 2255 1383 2320 iu
1439 2255 1854 2321 latitudinem
1918 2252 2129 2319 stadia
2192 2253 2463 2319 diffusus
2516 2277 2661 2338 pro-

310 2345 510 2412 fundo
567 2346 752 2412 alveo
808 2349 874 2412 et
915 2367 1237 2430 nusquam
1294 2344 1460 2410 vada
1517 2343 1845 2429 aperiente
1901 2342 2181 2427 speciem
2235 2343 2409 2409 vasti
2463 2344 2661 2409 maris

311 2436 572 2501 fecerat.
659 2435 725 2501 N
727 2457 801 2501 ec
852 2457 972 2519 pro
1021 2435 1236 2520 spatio
1283 2456 1600 2520 aquarum
1657 2434 1793 2499 late
1850 2433 2299 2518 stagnantium
2343 2434 2661 2516 impetum
2699 2456 2731 2503 9
2818 2508 2821 2513 ,

315 2526 681 2609 coercebat,
717 2525 828 2589 sed
869 2524 1054 2609 quasi
1089 2526 1158 2589 in
1195 2528 1410 2589 artum
1449 2523 1831 2589 coeuntibus
1872 2521 2033 2607 ripis
2071 2524 2326 2587 torrens
2364 2526 2430 2588 et
2465 2522 2663 2588 elisus

387 2686 438 2733 2.
495 2680 568 2734 in
627 2681 844 2748 primo
907 2681 1118 2735 aditu.
1213 2679 1438 2751 Analog
1544 2680 1776 2749 spielen,
1795 2678 1941 2734 doch
1957 2678 2036 2734 ist
2053 2679 2200 2734 auch
2218 2678 2309 2734 die
2323 2678 2666 2750 Auffassung

317 2748 443 2803 sind
478 2748 727 2804 Phraseh
760 2751 867 2805 vie
903 2752 967 2805 in
1003 2752 1191 2819 primo
1234 2752 1435 2819 gradu,
1544 2750 1630 2805 als
1666 2749 1778 2804 abl.
1817 2748 2015 2819 qualit.
2052 2749 2297 2820 zulassig
2334 2749 2482 2805 nach
2515 2750 2662 2805 Einl.

316 2821 520 2875 limine.
542 2851 611 2861 —
635 2821 944 2887 alterum,
981 2820 1107 2875 ‘das
1135 2819 1434 2876 Letztere’.
1546 2826 1577 2887 ξ
1616 2826 1685 2875 30
1722 2836 1769 2875 e.

317 2922 386 2931 -—-
414 2896 639 2960 praesto
675 2906 810 2957 cese,
860 2890 1065 2945 seltner
1099 2892 1438 2959 praestolari
1618 2898 1665 2947 ’1.
1702 2906 1903 2961 super
1948 2895 2060 2946 cet.
2104 2890 2337 2947 beluas
2379 2891 2487 2947 wie
2522 2898 2572 2947 4.
2612 2898 2663 2949 4.

317 2963 519 3027 alicui,
554 2977 673 3016 war
706 2963 747 3015 t.
790 2962 832 3015 t.
878 2960 968 3015 fur
1012 2961 1114 3016 dae
1148 2962 1436 3016 Erwarten
1547 2970 1579 3017 3
1630 2978 1794 3032 super
1836 2963 1986 3031 ipsos
2029 2963 2233 3031 fluctus
2276 2964 2528 3018 eminens.
2599 2964 2665 3018 In

318 3031 476 3089 einer
485 3032 693 3088 Person
707 3048 833 3087 zum
841 3031 1026 3087 Behuf
1036 3032 1438 3103 ehrerbietiger
1544 3033 1823 3105 gleichem
1883 3032 2053 3087 Sinne
2114 3032 2191 3087 ist
2252 3034 2397 3089 inter
2460 3038 2664 3089 ceteras

315 3100 696 3174 Begrflssung.
767 3102 903 3158 Hier
937 3102 1198 3159 ironisch.
1546 3104 1781 3159 eminens
1816 3103 2129 3174 gebraucht
2159 3105 2338 3158 unten
2369 3109 2452 3159 14.
2482 3110 2565 3159 13.
2597 3136 2665 3145 -

388 3182 438 3231 3.
483 3174 919 3231 Barzaentec.
1005 3173 1194 3229 Ueber
1245 3175 1346 3229 ihn
1392 3191 1434 3228 s.
1544 3174 2012 3231 honestabunt.
2084 3173 2214 3243 Vgl.
2261 3174 2353 3229 die
2388 3176 2551 3230 Anm.
2598 3194 2665 3231 zu

316 3247 462 3303 oben
510 3253 559 3302 6.
608 3252 656 3302 6.
705 3252 791 3303 36.
829 3275 898 3286 --
935 3247 1437 3314 perducuntur,
1546 3251 1595 3300 3.
1626 3251 1674 3299 3.
1709 3251 1802 3313 133
1839 3244 2012 3315 desgl.
2054 3251 2102 3299 6.
2141 3250 2193 3299 2.
2232 3251 2280 3301 6.
2306 3276 2379 3287 -—
2410 3253 2666 3316 quanta

314 3318 369 3373 d.
393 3318 450 3374 h.
478 3317 704 3373 werden
731 3317 1159 3388 vorgeffihrt.
1213 3316 1437 3371 Ebenso
1545 3318 1725 3371 inter
1768 3316 1965 3371 rudes
2000 3321 2278 3386 poterat
2326 3334 2475 3375 ecee.
2559 3319 2668 3374 Zur

316 3390 462 3445 ohne
493 3389 728 3458 Angabe
766 3389 863 3444 des
893 3387 1106 3443 Woher
1143 3387 1278 3442 oder
1304 3386 1438 3443 Wo-
1548 3386 1727 3442 Sache
1754 3387 1869 3457 vgl.
1903 3386 1994 3442 die
2022 3387 2284 3443 ithnliche
2310 3389 2666 3461 Aeusserung

315 3458 417 3514 hin
443 3466 492 3514 3.
522 3466 572 3515 3.
603 3466 662 3527 4ς
694 3466 744 3515 ’1.
774 3466 822 3514 1.
853 3465 937 3514 37.
965 3488 1035 3499 -
1062 3476 1138 3514 ac
1171 3460 1436 3513 virium.
1544 3457 1684 3513 fiber
1730 3456 1822 3512 die
1868 3456 2117 3527 Scythen
2170 3458 2314 3515 oben
2370 3467 2417 3515 7.
2474 3466 2523 3515 8.
2581 3466 2664 3514 10.

318 3529 480 3583 Sinn:
561 3530 678 3583 und
757 3528 1158 3585 wirklicher
1227 3529 1436 3599 Macht,
1546 3527 1769 3585 Curtius
1812 3529 1975 3584 hatte
2029 3530 2176 3585 auch
2220 3531 2371 3587 bloss
2414 3536 2479 3585 ut
2520 3532 2667 3586 inter

317 3599 802 3669 Ueberlegenheit.
1542 3601 1707 3655 mdes
1743 3598 2035 3655 schreiben
2081 3600 2331 3669 konnen,
2376 3600 2484 3656 wie
2521 3600 2666 3657 oben

390 3676 441 3725 4.
479 3670 823 3727 Samaaeuc.
891 3672 1059 3728 Sonat
1093 3670 1437 3726 unbekannt.
1546 3678 1595 3727 3.
1636 3677 1683 3725 2.
1726 3676 1759 3725 6
1796 3676 1860 3725 ut
1892 3672 2039 3726 inter
2072 3672 2205 3727 illas
2238 3678 2432 3741 qentee.

393 3747 442 3796 6.
515 3742 916 3811 elephantos.
1024 3741 1258 3810 Arriam,
1330 3741 1440 3796 mit
1617 3746 1668 3799 8.
1726 3743 2091 3810 aperiente.
2183 3742 2457 3798 Aehnlich
2511 3748 2561 3796 4.
2614 3749 2663 3798 9.

320 3813 520 3868 dessen
563 3814 836 3883 Angaben
879 3813 971 3869 die
1017 3814 1116 3869 des
1162 3811 1311 3867 Cart.
1357 3813 1438 3867 im
1547 3819 1614 3867 21
1654 3813 1837 3869 amnis
1872 3815 2053 3883 aperit
2094 3815 2313 3869 vadmn.
2349 3842 2420 3853 --
2461 3813 2665 3880 fecerat

318 3884 605 3954 Uebrigen
647 3884 1168 3954 fibereinstimmen,
1224 3883 1440 3953 spricht
1547 3883 1601 3938 d.
1638 3884 1694 3940 h.
1732 3883 2085 3955 ansa-nglich,
2135 3883 2288 3939 beim
2334 3886 2517 3939 ersten
2549 3885 2663 3939 An·

317 3972 434 4011 von
479 3961 585 4010 200
630 3955 998 4025 Elephanton.
1037 3986 1104 3995 —
1155 3956 1310 4011 ultra
1362 3955 1441 4008 ist
1544 3954 1700 4009 blick
1743 3955 1905 4010 hatte
1949 3955 2050 4010 der
2092 3956 2253 4009 Fluss
2296 3954 2487 4010 diesen
2531 3954 2664 4010 Ein-

319 4026 446 4082 hier
480 4024 732 4081 offenbar
766 4026 1024 4093 hinter3
1069 4027 1185 4094 vgl.
1222 4026 1346 4079 Arr.
1385 4030 1435 4079 5.
1546 4025 1723 4080 druck
1760 4026 1863 4081 auf
1894 4026 1977 4081 sie
2012 4025 2291 4095 gemacht.

324 4104 404 4153 15.
446 4104 495 4151 4.
527 4128 592 4137 -
622 4097 1064 4167 qravioribus
1099 4098 1269 4153 telis.
1329 4097 1439 4151 Zur
1617 4102 1665 4151 9.
1717 4098 2215 4165 unificantium,
2270 4095 2663 4166 hyperbolisch

320 4168 497 4224 Sache
548 4186 588 4224 s.
647 4174 697 4224 9.
753 4172 839 4224 28.
923 4167 1029 4222 Die
1075 4168 1436 4223 Ablativcon-
1543 4166 1635 4221 fur
1660 4168 1975 4235 effusarum.
2039 4167 2166 4237 Vgl.
2198 4173 2246 4221 9.
2275 4171 2325 4221 2.
2358 4173 2425 4221 17
2459 4169 2665 4237 flumen

319 4238 602 4295 struktion
661 4239 739 4293 ist
789 4258 856 4295 zu
915 4236 1272 4308 vergleichen
1333 4238 1438 4293 mit
1534 4239 1824 4308 placidius
1866 4242 2104 4307 staynat.
2148 4266 2214 4276 —-·
2261 4238 2496 4306 elisus,
2541 4237 2665 4292 hier

319 4310 430 4366 den
463 4308 611 4365 Einl.
650 4314 681 4375 ξ
720 4316 788 4364 36
827 4326 857 4364 e
903 4309 1275 4379 angefuhrten
1310 4307 1434 4363 Bei-
1544 4309 1696 4365 wohl
1750 4307 2366 4378 tiberrznchituxnend²
2429 4326 2503 4365 an
2555 4307 2666 4363 den
