3069 4749
822 165 1333 223 HISTORIARUM
1366 165 1803 220 ALEXANDRI
1838 163 1989 235 VIII,
2029 171 2112 220 14.

2523 163 2653 229 163

297 331 527 416 fugam
571 329 984 415 peditemque
1030 329 1325 414 sequenti
1367 327 1550 393 hosti
1593 329 1847 394 obiecit.
1919 327 2060 392 Iam
2098 326 2469 394 Alexander
2503 350 2653 394 con·
2691 340 2760 390 38

300 422 559 486 secutus
614 424 757 484 erat
813 423 881 484 et
935 417 1292 502 pertinacia
1346 417 1499 496 Pori
1557 418 1822 503 cognita
1873 416 2143 482 vetabat
2195 418 2650 484 resistentibus

299 509 498 592 parci.
596 506 778 593 Ergo
834 507 1114 592 undique
1171 511 1237 570 et
1290 508 1360 571 in
1414 505 1666 589 pedites
1727 510 1796 570 et
1845 507 1918 570 in
1970 507 2186 588 ipsum
2231 505 2473 572 Porum
2517 507 2654 572 tela

300 599 617 680 congesta
680 601 859 680 sunt,
922 597 1065 680 quis
1126 595 1390 660 tandem
1451 598 1764 679 gravatus
1827 595 1966 660 labi
2029 616 2108 658 ex
2172 595 2368 660 belua
2423 596 2654 680 coepit.

301 685 499 750 Indus
511 736 530 769 ‚
596 686 706 769 qui
762 684 1182 768 elephantum
1234 683 1531 768 regebat,
1591 683 1978 748 descendere
2034 704 2179 748 eum
2235 688 2416 751 ratus
2471 706 2652 750 more
2691 696 2758 745 39

303 774 497 854 solito
535 773 956 857 elephantum
1002 773 1421 857 procumbere
1467 773 1662 838 iussit
1705 773 1775 837 in
1821 792 2061 856 genua:
2109 773 2222 856 qui
2268 778 2343 837 ut
2389 795 2458 839 se
2507 773 2655 839 sub-

301 863 512 946 misit,
568 863 765 928 ceteri
821 883 1076 947 quoque
1128 897 1203 908 -
1254 862 1353 926 ita
1407 862 1584 926 enim
1639 862 1928 926 instituti
1976 864 2162 924 erant
2209 883 2294 907 -‘·
2341 861 2654 928 demisere

308 972 581 1035 corpora
635 951 703 1015 in
758 955 1021 1015 terram.
1118 949 1218 1015 Ea
1272 973 1377 1014 res
1444 954 1511 1014 et
1563 949 1806 1015 Porum
1862 954 1928 1015 et
1994 953 2239 1014 ceteros
2295 951 2654 1018 victoribus

190 1041 278 1106 51
301 1039 588 1104 tradidit.
676 1039 819 1104 Rex
866 1039 1138 1124 spoliari
1183 1060 1416 1123 corpus
1462 1038 1637 1121 Pori,
1681 1038 2147 1125 interemptum
2194 1060 2336 1104 esse
2373 1040 2656 1124 credens,
2693 1051 2763 1100 40

300 1129 485 1194 iubet
528 1133 620 1208 et,
676 1129 789 1213 qui
834 1128 1252 1194 detraherent
1294 1128 1567 1193 loricam
1613 1133 2010 1213 vestemque,
2057 1148 2463 1193 concurrere:
2511 1151 2659 1194 cum

303 1218 497 1282 belua
540 1218 873 1282 dominum
918 1217 1090 1283 tueri
1136 1222 1201 1282 et
1246 1217 1602 1301 spoliantes
1649 1217 1866 1301 coepit
1902 1217 2208 1301 adpetere
2244 1218 2660 1302 levatumque

305 1327 539 1391 corpus
596 1307 735 1371 eius
789 1329 1015 1372 rursus
1071 1306 1264 1372 dorso
1322 1327 1439 1371 suo
1494 1307 1822 1389 inponere.
1923 1305 2108 1391 Ergo
2171 1305 2322 1370 telis
2375 1306 2660 1391 undique

304 1395 603 1460 obruitur
649 1395 1077 1480 confossoque
1124 1417 1200 1460 eo
1248 1396 1319 1460 in
1361 1395 1733 1461 vehiculum
1768 1393 1974 1460 Porus
2021 1395 2370 1477 inponitur.
2453 1394 2658 1472 Quem
2695 1406 2763 1453 41

246 1471 271 1484 ‘
304 1505 416 1549 rex
462 1487 556 1553 ,ut
619 1485 785 1549 vidit
849 1485 1260 1549 adlevantem
1314 1484 1540 1550 oculos
1550 1534 1568 1567 ,
1630 1505 1763 1549 non
1822 1483 1998 1569 odio,
2063 1483 2176 1547 sed
2239 1483 2659 1549 miseratione

306 1576 700 1657 commotus,
747 1572 985 1658 ‘Quae,
1042 1572 1334 1657 malum'‚
1389 1573 1632 1658 inquit,
1687 1571 2000 1637 ‘amentia
2053 1575 2121 1637 te
2175 1572 2390 1657 coegit
2443 1592 2660 1637 rerum

307 1682 608 1814 ἒὲἓὲἷἚ
654 1666 925 1816 {iffi
956 1662 1768 1816 ..issffissnssi'sssshmfssgssussffi
1795 1660 2659 1835 Ρῖξξῗὲξὲὶωὲᾛωῖζῖἒῗ

307 1838 565 1922 plum?'

665 1839 757 1904 At
810 1839 950 1925 ille,
996 1838 1348 1917 ‘Quoniam
1359 1839 1399 1923 ³,
1451 1839 1691 1924 inquit,
1747 1837 2181 1922 ‘percontaris
2190 1888 2209 1922 ‚
2252 1839 2659 1922 respondebo
2697 1850 2766 1898 42

308 1949 387 1992 ea
431 1927 760 2011 libertate,
821 1949 1018 2012 quam
1061 1928 1524 2014 interrogando
1570 1928 1804 1993 fecisti.
1891 1926 2238 1992 Neminem
2283 1950 2387 1992 me
2432 1927 2661 1993 fortio-

305 2038 446 2081 rem
503 2037 643 2080 esse
700 2017 1058 2084 censebam.
1157 2015 1337 2081 Meas
1393 2018 1567 2081 enim
1610 2037 1922 2083 noveram
1967 2017 2165 2100 vires,
2219 2017 2507 2082 nondum
2555 2039 2658 2082 ex·
2697 2028 2766 2076 43

306 2107 533 2188 pertus
591 2109 767 2169 tuas:
830 2105 1170 2171 fortiorem
1225 2127 1364 2170 esse
1419 2109 1485 2171 te
1542 2105 1699 2170 belli
1753 2104 1974 2170 docuit
2032 2107 2318 2170 eventus.
2408 2104 2533 2171 Sed
2578 2128 2661 2171 ne

308 2194 403 2258 sic
458 2193 720 2277 quidem
775 2215 1007 2277 parum
1059 2194 1220 2259 felix
1275 2216 1447 2278 sum,
1502 2194 1821 2259 secundus
1877 2193 2056 2259 tibi’.

2158 2193 2410 2259 Rursus
2465 2195 2662 2261 inter-

306 2286 604 2366 rogatae,
664 2283 826 2367 'quid
880 2283 1021 2366 ipse
1077 2283 1394 2348 victorem
1449 2287 1736 2349 statuere
1791 2283 2022 2348 debere
2079 2289 2396 2368 censeret,
2445 2282 2663 2361 ‘Quod

306 2370 464 2456 hic'‚
511 2372 746 2456 inquit,
805 2371 973 2437 ‘dies
1020 2372 1146 2436 tibi
1193 2371 1446 2456 suadet,
1505 2394 1633 2457 quo
1683 2376 1984 2457 expertus
2034 2394 2136 2457 es,
2181 2396 2376 2458 quam
2421 2373 2662 2439 caduca

306 2459 587 2525 felicitas
662 2460 878 2527 esset?

310 2552 510 2613 esset:

985 2461 1141 2527 Plus
1206 2461 1525 2526 monendo
1589 2461 1871 2545 profecit
1887 2512 1906 2545 ‚
1979 2484 2174 2547 quam
2243 2463 2296 2527 si
2360 2468 2662 2546 precatus
2702 2474 2770 2522 44

577 2550 815 2633 quippe
861 2550 1380 2637 magnitudinem
1429 2550 1631 2615 animi
1681 2549 1818 2615 eius
1863 2551 2230 2616 interritam
2286 2572 2362 2617 ac
2406 2575 2488 2618 ne
2533 2553 2662 2618 for-

309 2640 471 2701 tuna
534 2637 796 2738 quidem
857 2638 1205 2703 infractam
1274 2660 1410 2705 non
1477 2638 1925 2705 misericordia
1989 2639 2180 2705 modo
2195 2690 2213 2723 ‚
2286 2641 2399 2705 sed
2462 2642 2664 2707 etiam

310 2724 557 2789 honore
622 2726 911 2809 excipere
974 2726 1279 2810 dignatus
1346 2732 1463 2793 est.
1565 2726 1857 2813 Aegrum
1918 2728 2170 2794 curavit
2227 2727 2399 2793 haud
2461 2752 2665 2815 seem,
2701 2739 2770 2789 46

312 2835 507 2897 quam
545 2813 603 2879 si
639 2834 758 2897 pro
795 2813 941 2898 ipso
978 2819 1361 2899 pugnasset.
1400 2816 1856 2881 confirmatum
1894 2820 2123 2881 contra
2159 2838 2340 2899 spem
2370 2819 2664 2884 omnium

311 2901 381 2965 in
428 2901 785 2967 amicorum
831 2924 1176 2967 numerum
1222 2905 1491 2989 recepit,
1548 2925 1700 2969 mox
1755 2904 2026 2969 donavit
2081 2905 2395 2988 ampliore
2441 2926 2665 2991 regno,

313 3011 509 3073 quam
554 2990 783 3079 tenuit.
873 2991 938 3056 N
940 3013 1010 3055 ec
1056 3013 1210 3057 sane
1256 2992 1602 3078 quicquam
1647 2994 1987 3076 ingenium
2045 2992 2184 3058 eius
2231 2992 2498 3058 solidius
2547 2999 2663 3060 aut
2699 3007 2770 3056 46

310 3198 440 3254 dem
471 3198 777 3255 Geschosse
806 3200 903 3255 des
929 3200 1106 3256 Porus
1135 3200 1313 3256 durch
1341 3202 1432 3257 die

310 3269 518 3325 Flucht
552 3288 621 3325 zu
658 3272 952 3341 entgehen.

381 3364 466 3413 37.
504 3360 805 3428 peditem.
872 3359 951 3413 Er
974 3358 1090 3416 floh
1126 3360 1249 3416 also
1276 3360 1437 3416 nicht

311 3445 456 3499 ganz
491 3430 639 3485 ohne
673 3430 1039 3513 Begleitung,
1077 3447 1195 3486 was
1229 3432 1435 3486 voi-her

312 3500 473 3554 nicht
506 3503 709 3571 gesagt
742 3501 835 3557 ist.

386 3592 473 3641 33.
510 3594 929 3673 consecutus,
967 3590 1162 3658 absol„
1195 3590 1433 3646 ‘nach-

313 3657 765 3727 gekommen’,
804 3633 929 3715 wie
949 3667 997 3715 3.
1040 3667 1211 3719 12.1.

385 3751 471 3799 39.
502 3746 918 3816 descendere,
941 3750 1011 3805 de
1031 3751 1260 3805 conatu.
1285 3750 1437 3805 ‘dass

312 3832 374 3871 er
410 3816 705 3887 absteigen
739 3820 992 3877 wolle’.
1056 3821 1280 3876 Ebenso
1316 3836 1437 3890 epo-

310 3888 511 3943 zioentes
544 3892 685 3953 §40-
726 3920 793 3929 -
831 3893 1163 3948 instituti.
1228 3891 1437 3948 Ueber-

311 3960 487 4014 setze.
526 3960 834 4017 dressirt.

383 4044 471 4095 40.
517 4038 617 4094 Er
625 4055 731 4109 qo,
778 4040 853 4096 da
902 4058 965 4097 er
1001 4040 1122 4098 sich
1157 4042 1218 4097 in
1254 4042 1435 4097 dieser

311 4109 501 4165 Weise
538 4110 887 4167 widersetzte
919 4113 1032 4167 und
1057 4113 1177 4167 ihm
1207 4130 1306 4169 aus
1334 4114 1436 4171 der

312 4180 475 4235 Naho
508 4180 671 4236 nicht
703 4182 1131 4239 beizukommen
1165 4201 1300 4239 war.

384 4265 471 4314 41.
519 4264 981 4333 propinquum
1016 4288 1084 4309 ==
1120 4260 1433 4319 nahelie-

314 4331 517 4399 gend3
565 4332 904 4401 Gegensatz.
942 4335 1098 4405 longe
1131 4336 1431 4405 repetitum.

1613 3208 1700 3256 42.
1756 3203 2017 3270 fecisti,
2066 3202 2172 3257 wie
2221 3204 2447 3271 facere
2491 3204 2668 3259 alicui

1538 3278 1873 3343 potestatem,
1909 3274 2187 3328 licentiam
2220 3274 2313 3328 fiir
2347 3276 2499 3341 dare,
2536 3290 2659 3331 con-

1543 3346 1740 3399 cedere.
1801 3343 1933 3415 Vgl.
1963 3345 2140 3399 locum
2165 3346 2344 3412 facere
2371 3347 2461 3401 fiir
2487 3347 2665 3401 locum

1542 3416 2070 3542 duffizess‘ussam
2104 3488 2261 3554 tibi,
2300 3487 2406 3542 wie
2436 3493 2484 3543 5.
2517 3492 2600 3541 10.
2632 3494 2663 3543 3

1541 3557 1688 3611 nulli
1717 3558 1985 3619 ,secunda
2068 3556 2282 3611 Kiirzer
2323 3559 2438 3612 und
2483 3560 2561 3612 im
2607 3575 2665 3613 o·

1545 3626 1807 3682 nirender
1841 3627 1920 3681 ist
1955 3627 2046 3682 die
2073 3628 2332 3683 Antwort
2358 3630 2456 3684 des
2481 3628 2544 3684 P.
2613 3629 2667 3683 ei

1544 3697 1935 3838 Αἶ4ὅᾳέῗιφη
1959 3770 2020 3824 si
2041 3786 2219 3838 pree.
2248 3775 2428 3826 esset.
2484 3770 2666 3825 Eben-

1547 3840 2218 3908 soquoemsisffiund
2260 3846 2341 3896 10.
2384 3847 2431 3896 1.
2470 3846 2556 3895 32.
2598 3872 2666 3881 —-

1547 3911 1867 3979 excipere.
1922 3910 2112 3982 Vergl.
2148 3912 2372 3981 qaudio,
2410 3912 2666 3980 adsensu,

1542 3983 1792 4036 comitate
1830 3983 2048 4051 aliquid
2081 3983 2366 4051 (aliquem)
2401 3984 2664 4053 excipere.

1541 4052 1729 4107 Ueber
1756 4052 1864 4107 den
1891 4052 2043 4108 infin.
2071 4052 2165 4108 bei
2193 4054 2422 4123 diqnari
2448 4072 2494 4111 s.
2516 4054 2664 4109 Einl.

1542 4127 1574 4188 ἓ
1565 4128 1701 4247 ἓξ
1753 4196 2136 4261 amicorum,
2171 4194 2319 4250 hier.
2360 4195 2666 4280 Gefolge.

1546 4295 1613 4305 --
1658 4281 1846 4334 quam
1892 4267 2139 4333 tenuit,
2183 4284 2282 4320 zur
2316 4267 2437 4322 Zeit
2483 4266 2669 4323 dieser

1543 4335 1888 4406 Belehnung.
1957 4336 2064 4392 Die
2099 4336 2518 4410 Einschiebung
2552 4356 2669 4395 von

2133 4425 2241 4481 11*
