<?xml version="1.0" encoding="UTF-8"?>
<!DOCTYPE html PUBLIC "-//W3C//DTD XHTML 1.0 Transitional//EN"
    "http://www.w3.org/TR/xhtml1/DTD/xhtml1-transitional.dtd">
<html xmlns="http://www.w3.org/1999/xhtml" xml:lang="en" lang="en">
 <head>
  <title>
</title>
<meta http-equiv="Content-Type" content="text/html;charset=utf-8" />
  <meta name='ocr-system' content='tesseract 3.04.00' />
  <meta name='ocr-capabilities' content='ocr_page ocr_carea ocr_par ocr_line ocrx_word'/>
</head>
<body>
  <div class='ocr_page' id='page_1' title='image "./qcurtirufihisto00vogegoog_0165.png"; bbox 0 0 3069 4749; ppageno 0'>
   <div class='ocr_carea' id='block_1_1' title="bbox 172 1454 262 1519">
    <p class='ocr_par' dir='ltr' id='par_1_1' title="bbox 172 1454 262 1519">
     <span class='ocr_line' id='line_1_1' title="bbox 172 1454 262 1519; baseline -0.011 0"><span class='ocrx_word' id='word_1_1' title='bbox 172 1454 262 1519; x_wconf 81' lang='lat'><strong>47</strong></span> 
     </span>
    </p>
   </div>
   <div class='ocr_carea' id='block_1_2' title="bbox 790 156 2136 227">
    <p class='ocr_par' dir='ltr' id='par_1_2' title="bbox 790 156 2136 227">
     <span class='ocr_line' id='line_1_2' title="bbox 790 156 2136 227; baseline 0.004 -18"><span class='ocrx_word' id='word_1_2' title='bbox 790 156 1295 211; x_wconf 85' lang='lat' dir='ltr'><strong>HISTORIARUM</strong></span> <span class='ocrx_word' id='word_1_3' title='bbox 1330 156 1760 213; x_wconf 84' lang='lat' dir='ltr'>ALEXANDRI</span> <span class='ocrx_word' id='word_1_4' title='bbox 1794 162 1888 227; x_wconf 85' lang='lat' dir='ltr'><strong>IV,</strong></span> <span class='ocrx_word' id='word_1_5' title='bbox 1928 166 2010 215; x_wconf 84' lang='lat'><strong>12.</strong></span> <span class='ocrx_word' id='word_1_6' title='bbox 2055 166 2136 214; x_wconf 89' lang='grc'><strong>13.</strong></span> 
     </span>
    </p>
   </div>
   <div class='ocr_carea' id='block_1_3' title="bbox 2509 160 2640 225">
    <p class='ocr_par' dir='ltr' id='par_1_3' title="bbox 2509 160 2640 225">
     <span class='ocr_line' id='line_1_3' title="bbox 2509 160 2640 225; baseline 0 -1"><span class='ocrx_word' id='word_1_7' title='bbox 2509 160 2640 225; x_wconf 83' lang='grc'><strong>155</strong></span> 
     </span>
    </p>
   </div>
   <div class='ocr_carea' id='block_1_4' title="bbox 286 319 2641 761">
    <p class='ocr_par' dir='ltr' id='par_1_4' title="bbox 286 319 2641 761">
     <span class='ocr_line' id='line_1_4' title="bbox 288 319 2638 408; baseline 0 -21"><span class='ocrx_word' id='word_1_8' title='bbox 288 322 461 387; x_wconf 87' lang='lat' dir='ltr'><strong>sicut</strong></span> <span class='ocrx_word' id='word_1_9' title='bbox 506 323 703 385; x_wconf 87' lang='lat' dir='ltr'><strong>antea</strong></span> <span class='ocrx_word' id='word_1_10' title='bbox 750 319 993 384; x_wconf 88' lang='lat' dir='ltr'><strong>dictum</strong></span> <span class='ocrx_word' id='word_1_11' title='bbox 1039 323 1165 403; x_wconf 87' lang='lat' dir='ltr'><strong>est,</strong></span> <span class='ocrx_word' id='word_1_12' title='bbox 1222 320 1293 385; x_wconf 90' lang='lat' dir='ltr'><strong>in</strong></span> <span class='ocrx_word' id='word_1_13' title='bbox 1349 320 1474 386; x_wconf 91' lang='lat' dir='ltr'><strong>duo</strong></span> <span class='ocrx_word' id='word_1_14' title='bbox 1533 342 1777 386; x_wconf 82' lang='lat' dir='ltr'><strong>cornua</strong></span> <span class='ocrx_word' id='word_1_15' title='bbox 1831 322 2236 387; x_wconf 85' lang='lat' dir='ltr'><strong>extenderat:</strong></span> <span class='ocrx_word' id='word_1_16' title='bbox 2291 325 2638 408; x_wconf 88' lang='lat' dir='ltr'><strong>utrumque</strong></span> 
     </span>
     <span class='ocr_line' id='line_1_5' title="bbox 286 408 2640 495; baseline 0 -20"><span class='ocrx_word' id='word_1_17' title='bbox 286 432 493 475; x_wconf 86' lang='lat' dir='ltr'><strong>cornu</strong></span> <span class='ocrx_word' id='word_1_18' title='bbox 540 410 791 493; x_wconf 89' lang='lat' dir='ltr'><strong>equites</strong></span> <span class='ocrx_word' id='word_1_19' title='bbox 837 409 1171 493; x_wconf 87' lang='lat' dir='ltr'><strong>tegebant.</strong></span> <span class='ocrx_word' id='word_1_20' title='bbox 1260 408 1528 494; x_wconf 85' lang='lat' dir='ltr'><strong>Iamque</strong></span> <span class='ocrx_word' id='word_1_21' title='bbox 1565 410 1838 475; x_wconf 76' lang='lat' dir='ltr'><strong>nitidior</strong></span> <span class='ocrx_word' id='word_1_22' title='bbox 1872 411 1983 475; x_wconf 92' lang='lat' dir='ltr'><strong>lux</strong></span> <span class='ocrx_word' id='word_1_23' title='bbox 2022 410 2314 476; x_wconf 85' lang='lat' dir='ltr'><strong>discussa</strong></span> <span class='ocrx_word' id='word_1_24' title='bbox 2357 412 2640 495; x_wconf 82' lang='lat' dir='ltr'><strong>caligine</strong></span> 
     </span>
     <span class='ocr_line' id='line_1_6' title="bbox 288 497 2641 582; baseline 0.001 -19"><span class='ocrx_word' id='word_1_25' title='bbox 288 500 496 564; x_wconf 88' lang='lat' dir='ltr'><strong>aciem</strong></span> <span class='ocrx_word' id='word_1_26' title='bbox 556 497 844 563; x_wconf 89' lang='lat' dir='ltr'><strong>hostium</strong></span> <span class='ocrx_word' id='word_1_27' title='bbox 900 497 1275 563; x_wconf 75' lang='lat' dir='ltr'><strong>ostenderat</strong></span> <span class='ocrx_word' id='word_1_28' title='bbox 1329 502 1396 563; x_wconf 89' lang='lat' dir='ltr'><strong>et</strong></span> <span class='ocrx_word' id='word_1_29' title='bbox 1448 498 1864 582; x_wconf 76' lang='lat' dir='ltr'><strong>MacedoneS‚</strong></span> <span class='ocrx_word' id='word_1_30' title='bbox 1920 499 2056 564; x_wconf 85' lang='lat' dir='ltr'><strong>sive</strong></span> <span class='ocrx_word' id='word_1_31' title='bbox 2113 500 2447 565; x_wconf 77' lang='lat' dir='ltr'><strong>alacritate</strong></span> <span class='ocrx_word' id='word_1_32' title='bbox 2503 499 2641 567; x_wconf 77' lang='lat' dir='ltr'><strong>sive</strong></span> 
     </span>
     <span class='ocr_line' id='line_1_7' title="bbox 288 586 2639 672; baseline 0.001 -19"><span class='ocrx_word' id='word_1_33' title='bbox 288 587 506 653; x_wconf 88' lang='lat' dir='ltr'><strong>taedio</strong></span> <span class='ocrx_word' id='word_1_34' title='bbox 536 586 1029 671; x_wconf 87' lang='lat' dir='ltr'><strong>expectationis,</strong></span> <span class='ocrx_word' id='word_1_35' title='bbox 1052 586 1388 671; x_wconf 85' lang='lat' dir='ltr'><strong>ingentem</strong></span> <span class='ocrx_word' id='word_1_36' title='bbox 1425 588 1862 672; x_wconf 83' lang='lat' dir='ltr'><strong>pugnantium</strong></span> <span class='ocrx_word' id='word_1_37' title='bbox 1901 609 2080 654; x_wconf 91' lang='lat' dir='ltr'><strong>more</strong></span> <span class='ocrx_word' id='word_1_38' title='bbox 2118 588 2370 653; x_wconf 84' lang='lat' dir='ltr'><strong>edidere</strong></span> <span class='ocrx_word' id='word_1_39' title='bbox 2399 590 2639 655; x_wconf 86' lang='lat' dir='ltr'><strong>clamo-</strong></span> 
     </span>
     <span class='ocr_line' id='line_1_8' title="bbox 286 675 2639 761; baseline 0 -20"><span class='ocrx_word' id='word_1_40' title='bbox 286 698 445 741; x_wconf 85' lang='lat' dir='ltr'><strong>rem.</strong></span> <span class='ocrx_word' id='word_1_41' title='bbox 532 675 853 741; x_wconf 84' lang='lat' dir='ltr'><strong>Redditus</strong></span> <span class='ocrx_word' id='word_1_42' title='bbox 899 680 965 740; x_wconf 91' lang='lat' dir='ltr'><strong>et</strong></span> <span class='ocrx_word' id='word_1_43' title='bbox 1011 698 1051 740; x_wconf 86' lang='lat' dir='ltr'><strong>a</strong></span> <span class='ocrx_word' id='word_1_44' title='bbox 1095 675 1311 741; x_wconf 87' lang='lat' dir='ltr'><strong>Persis</strong></span> <span class='ocrx_word' id='word_1_45' title='bbox 1348 698 1620 742; x_wconf 88' lang='lat' dir='ltr'><strong>nemora</strong></span> <span class='ocrx_word' id='word_1_46' title='bbox 1656 678 1980 761; x_wconf 85' lang='lat' dir='ltr'><strong>vallesque</strong></span> <span class='ocrx_word' id='word_1_47' title='bbox 2019 678 2470 742; x_wconf 85' lang='lat' dir='ltr'><strong>circumiectas</strong></span> <span class='ocrx_word' id='word_1_48' title='bbox 2511 680 2639 743; x_wconf 88' lang='lat' dir='ltr'><strong>ter-</strong></span> 
     </span>
    </p>
   </div>
   <div class='ocr_carea' id='block_1_5' title="bbox 288 750 2840 850">
    <p class='ocr_par' dir='ltr' id='par_1_5' title="bbox 288 750 2840 850">
     <span class='ocr_line' id='line_1_9' title="bbox 288 750 2840 850; baseline -0 -21"><span class='ocrx_word' id='word_1_49' title='bbox 288 764 466 829; x_wconf 92' lang='lat' dir='ltr'><strong>ribili</strong></span> <span class='ocrx_word' id='word_1_50' title='bbox 512 786 672 830; x_wconf 90' lang='lat' dir='ltr'><strong>sono</strong></span> <span class='ocrx_word' id='word_1_51' title='bbox 718 750 1107 847; x_wconf 74' lang='lat' dir='ltr'><strong>ihpleverat:</strong></span> <span class='ocrx_word' id='word_1_52' title='bbox 1163 787 1282 831; x_wconf 88' lang='lat' dir='ltr'><strong>nee</strong></span> <span class='ocrx_word' id='word_1_53' title='bbox 1327 766 1460 830; x_wconf 86' lang='lat' dir='ltr'><strong>iam</strong></span> <span class='ocrx_word' id='word_1_54' title='bbox 1507 766 1824 831; x_wconf 82' lang='lat' dir='ltr'><strong>contineri</strong></span> <span class='ocrx_word' id='word_1_55' title='bbox 1881 766 2266 832; x_wconf 76' lang='lat' dir='ltr'><strong>Macedones</strong></span> <span class='ocrx_word' id='word_1_56' title='bbox 2313 769 2640 850; x_wconf 84' lang='lat' dir='ltr'><strong>poterant,</strong></span> <span class='ocrx_word' id='word_1_57' title='bbox 2677 780 2748 828; x_wconf 84' lang='lat'><strong>24</strong></span> <span class='ocrx_word' id='word_1_58' title='bbox 2827 772 2840 782; x_wconf 84' lang='grc'>’</span> 
     </span>
    </p>
   </div>
   <div class='ocr_carea' id='block_1_6' title="bbox 288 853 2640 1027">
    <p class='ocr_par' dir='ltr' id='par_1_6' title="bbox 288 853 2640 1027">
     <span class='ocr_line' id='line_1_10' title="bbox 288 853 2640 938; baseline 0.001 -21"><span class='ocrx_word' id='word_1_59' title='bbox 288 854 449 938; x_wconf 90' lang='lat' dir='ltr'><strong>quin</strong></span> <span class='ocrx_word' id='word_1_60' title='bbox 508 875 701 919; x_wconf 90' lang='lat' dir='ltr'><strong>cursu</strong></span> <span class='ocrx_word' id='word_1_61' title='bbox 768 875 1023 938; x_wconf 89' lang='lat' dir='ltr'><strong>quoque</strong></span> <span class='ocrx_word' id='word_1_62' title='bbox 1086 854 1170 918; x_wconf 90' lang='lat' dir='ltr'><strong>ad</strong></span> <span class='ocrx_word' id='word_1_63' title='bbox 1232 854 1491 920; x_wconf 87' lang='lat' dir='ltr'><strong>hostem</strong></span> <span class='ocrx_word' id='word_1_64' title='bbox 1559 854 2036 920; x_wconf 85' lang='lat' dir='ltr'><strong>contenderent.</strong></span> <span class='ocrx_word' id='word_1_65' title='bbox 2137 853 2370 920; x_wconf 90' lang='lat' dir='ltr'><strong>Melius</strong></span> <span class='ocrx_word' id='word_1_66' title='bbox 2433 854 2640 921; x_wconf 88' lang='lat' dir='ltr'><strong>adhuc</strong></span> 
     </span>
     <span class='ocr_line' id='line_1_11' title="bbox 290 941 2638 1027; baseline 0 -20"><span class='ocrx_word' id='word_1_67' title='bbox 290 946 471 1007; x_wconf 85' lang='lat' dir='ltr'><strong>ratus</strong></span> <span class='ocrx_word' id='word_1_68' title='bbox 518 942 589 1006; x_wconf 91' lang='lat' dir='ltr'><strong>in</strong></span> <span class='ocrx_word' id='word_1_69' title='bbox 636 941 863 1007; x_wconf 90' lang='lat' dir='ltr'><strong>eodem</strong></span> <span class='ocrx_word' id='word_1_70' title='bbox 908 943 1160 1007; x_wconf 88' lang='lat' dir='ltr'><strong>tumulo</strong></span> <span class='ocrx_word' id='word_1_71' title='bbox 1206 947 1422 1008; x_wconf 86' lang='lat' dir='ltr'><strong>castra</strong></span> <span class='ocrx_word' id='word_1_72' title='bbox 1467 944 1749 1027; x_wconf 87' lang='lat' dir='ltr'><strong>munire,</strong></span> <span class='ocrx_word' id='word_1_73' title='bbox 1801 964 1914 1009; x_wconf 80' lang='lat' dir='ltr'><strong>rex</strong></span> <span class='ocrx_word' id='word_1_74' title='bbox 1958 944 2204 1009; x_wconf 83' lang='lat' dir='ltr'><strong>vallum</strong></span> <span class='ocrx_word' id='word_1_75' title='bbox 2249 943 2375 1008; x_wconf 89' lang='lat' dir='ltr'><strong>iaci</strong></span> <span class='ocrx_word' id='word_1_76' title='bbox 2421 944 2638 1008; x_wconf 89' lang='lat' dir='ltr'><strong>iussit:</strong></span> 
     </span>
    </p>
   </div>
   <div class='ocr_carea' id='block_1_7' title="bbox 286 1014 2794 1204">
    <p class='ocr_par' dir='ltr' id='par_1_7' title="bbox 286 1014 2794 1204">
     <span class='ocr_line' id='line_1_12' title="bbox 286 1014 2794 1145; baseline 0.001 -50"><span class='ocrx_word' id='word_1_77' title='bbox 286 1034 677 1115; x_wconf 85' lang='lat' dir='ltr'><strong>strenueque</strong></span> <span class='ocrx_word' id='word_1_78' title='bbox 724 1052 918 1113; x_wconf 89' lang='lat' dir='ltr'><strong>opere</strong></span> <span class='ocrx_word' id='word_1_79' title='bbox 962 1031 1253 1113; x_wconf 88' lang='lat' dir='ltr'><strong>perfecto</strong></span> <span class='ocrx_word' id='word_1_80' title='bbox 1297 1032 1367 1096; x_wconf 86' lang='lat' dir='ltr'><strong>in</strong></span> <span class='ocrx_word' id='word_1_81' title='bbox 1412 1033 1940 1118; x_wconf 78' lang='lat' dir='ltr'><strong>tabernaculum,</strong></span> <span class='ocrx_word' id='word_1_82' title='bbox 1985 1054 2063 1098; x_wconf 91' lang='lat' dir='ltr'><strong>ex</strong></span> <span class='ocrx_word' id='word_1_83' title='bbox 2109 1053 2234 1116; x_wconf 89' lang='lat' dir='ltr'><strong>quo</strong></span> <span class='ocrx_word' id='word_1_84' title='bbox 2282 1037 2424 1099; x_wconf 87' lang='lat' dir='ltr'><strong>tota</strong></span> <span class='ocrx_word' id='word_1_85' title='bbox 2471 1034 2641 1097; x_wconf 86' lang='lat' dir='ltr'><strong>acies</strong></span> <span class='ocrx_word' id='word_1_86' title='bbox 2699 1014 2794 1145; x_wconf 52' lang='lat' dir='ltr'><strong>su</strong></span> 
     </span>
     <span class='ocr_line' id='line_1_13' title="bbox 288 1119 1497 1204; baseline 0.001 -21"><span class='ocrx_word' id='word_1_87' title='bbox 288 1119 581 1185; x_wconf 89' lang='lat' dir='ltr'><strong>hostium</strong></span> <span class='ocrx_word' id='word_1_88' title='bbox 627 1119 1168 1204; x_wconf 82' lang='lat' dir='ltr'><strong>conspiciebatur,</strong></span> <span class='ocrx_word' id='word_1_89' title='bbox 1214 1121 1497 1186; x_wconf 89' lang='lat' dir='ltr'><strong>secessit.</strong></span> 
     </span>
    </p>
   </div>
   <div class='ocr_carea' id='block_1_8' title="bbox 1262 1298 1653 1427">
    <p class='ocr_par' dir='ltr' id='par_1_8' title="bbox 1262 1298 1653 1427">
     <span class='ocr_line' id='line_1_14' title="bbox 1262 1298 1653 1427; baseline 0.005 -30"><span class='ocrx_word' id='word_1_90' title='bbox 1262 1298 1421 1398; x_wconf 63' lang='lat' dir='ltr'><strong>eff.</strong></span> <span class='ocrx_word' id='word_1_91' title='bbox 1467 1331 1653 1427; x_wconf 78' lang='lat' dir='ltr'><strong>xm.</strong></span> 
     </span>
    </p>
   </div>
   <div class='ocr_carea' id='block_1_9' title="bbox 266 1454 2710 2792">
    <p class='ocr_par' dir='ltr' id='par_1_9' title="bbox 266 1454 2710 2792">
     <span class='ocr_line' id='line_1_15' title="bbox 464 1454 2708 1537; baseline 0.001 -19"><span class='ocrx_word' id='word_1_92' title='bbox 464 1454 631 1521; x_wconf 84' lang='lat' dir='ltr'><strong>Tum</strong></span> <span class='ocrx_word' id='word_1_93' title='bbox 677 1476 829 1520; x_wconf 85' lang='lat' dir='ltr'><strong>vero</strong></span> <span class='ocrx_word' id='word_1_94' title='bbox 868 1454 1172 1521; x_wconf 85' lang='lat' dir='ltr'><strong>universa</strong></span> <span class='ocrx_word' id='word_1_95' title='bbox 1206 1455 1412 1521; x_wconf 87' lang='lat' dir='ltr'><strong>futuri</strong></span> <span class='ocrx_word' id='word_1_96' title='bbox 1450 1458 1843 1523; x_wconf 87' lang='lat' dir='ltr'><strong>discriminis</strong></span> <span class='ocrx_word' id='word_1_97' title='bbox 1881 1456 2079 1522; x_wconf 83' lang='lat' dir='ltr'><strong>facies</strong></span> <span class='ocrx_word' id='word_1_98' title='bbox 2117 1458 2188 1523; x_wconf 88' lang='lat' dir='ltr'><strong>in</strong></span> <span class='ocrx_word' id='word_1_99' title='bbox 2224 1457 2430 1522; x_wconf 90' lang='lat' dir='ltr'><strong>oculis</strong></span> <span class='ocrx_word' id='word_1_100' title='bbox 2467 1461 2638 1537; x_wconf 83' lang='lat' dir='ltr'><strong>erat:</strong></span> <span class='ocrx_word' id='word_1_101' title='bbox 2680 1471 2708 1520; x_wconf 87' lang='lat'>1</span> 
     </span>
     <span class='ocr_line' id='line_1_16' title="bbox 266 1544 2640 1631; baseline 0.001 -22"><span class='ocrx_word' id='word_1_102' title='bbox 266 1545 485 1609; x_wconf 75' lang='lat' dir='ltr'><strong>&#39;armis</strong></span> <span class='ocrx_word' id='word_1_103' title='bbox 532 1544 903 1629; x_wconf 86' lang='lat' dir='ltr'><strong>insignibus</strong></span> <span class='ocrx_word' id='word_1_104' title='bbox 949 1545 1098 1628; x_wconf 90' lang='lat' dir='ltr'><strong>equi</strong></span> <span class='ocrx_word' id='word_1_105' title='bbox 1142 1544 1390 1629; x_wconf 83' lang='lat' dir='ltr'><strong>virique</strong></span> <span class='ocrx_word' id='word_1_106' title='bbox 1437 1547 1886 1631; x_wconf 80' lang='lat' dir='ltr'><strong>splendebant,</strong></span> <span class='ocrx_word' id='word_1_107' title='bbox 1923 1549 1990 1611; x_wconf 91' lang='lat' dir='ltr'><strong>et</strong></span> <span class='ocrx_word' id='word_1_108' title='bbox 2026 1547 2246 1612; x_wconf 90' lang='lat' dir='ltr'><strong>omnia</strong></span> <span class='ocrx_word' id='word_1_109' title='bbox 2289 1546 2640 1611; x_wconf 87' lang='lat' dir='ltr'><strong>intentiore</strong></span> 
     </span>
     <span class='ocr_line' id='line_1_17' title="bbox 284 1633 2638 1721; baseline 0.001 -24"><span class='ocrx_word' id='word_1_110' title='bbox 284 1654 439 1697; x_wconf 87' lang='lat' dir='ltr'><strong>cura</strong></span> <span class='ocrx_word' id='word_1_111' title='bbox 474 1633 851 1717; x_wconf 89' lang='lat' dir='ltr'><strong>praeparari</strong></span> <span class='ocrx_word' id='word_1_112' title='bbox 890 1633 1062 1717; x_wconf 90' lang='lat' dir='ltr'><strong>apud</strong></span> <span class='ocrx_word' id='word_1_113' title='bbox 1098 1633 1359 1699; x_wconf 87' lang='lat' dir='ltr'><strong>hostem</strong></span> <span class='ocrx_word' id='word_1_114' title='bbox 1395 1634 1766 1701; x_wconf 83' lang='lat' dir='ltr'><strong>sollicitudo</strong></span> <span class='ocrx_word' id='word_1_115' title='bbox 1803 1637 2178 1721; x_wconf 89' lang='lat' dir='ltr'><strong>praetorum</strong></span> <span class='ocrx_word' id='word_1_116' title='bbox 2216 1634 2480 1719; x_wconf 86' lang='lat' dir='ltr'><strong>agmina</strong></span> <span class='ocrx_word' id='word_1_117' title='bbox 2517 1656 2638 1699; x_wconf 88' lang='lat' dir='ltr'><strong>sua</strong></span> 
     </span>
     <span class='ocr_line' id='line_1_18' title="bbox 283 1721 2709 1809; baseline 0.001 -24"><span class='ocrx_word' id='word_1_118' title='bbox 283 1722 894 1807; x_wconf 81' lang='lat' dir='ltr'><strong>interequitantium</strong></span> <span class='ocrx_word' id='word_1_119' title='bbox 940 1721 1347 1807; x_wconf 79' lang='lat' dir='ltr'><strong>ostendebat,</strong></span> <span class='ocrx_word' id='word_1_120' title='bbox 1390 1745 1469 1788; x_wconf 83' lang='lat' dir='ltr'><strong>ac</strong></span> <span class='ocrx_word' id='word_1_121' title='bbox 1512 1726 1822 1809; x_wconf 88' lang='lat' dir='ltr'><strong>pleraque</strong></span> <span class='ocrx_word' id='word_1_122' title='bbox 1860 1724 2099 1808; x_wconf 88' lang='lat' dir='ltr'><strong>inania,</strong></span> <span class='ocrx_word' id='word_1_123' title='bbox 2137 1724 2305 1789; x_wconf 86' lang='lat' dir='ltr'><strong>sieut</strong></span> <span class='ocrx_word' id='word_1_124' title='bbox 2341 1723 2637 1791; x_wconf 84' lang='lat' dir='ltr'><strong>fremitus</strong></span> <span class='ocrx_word' id='word_1_125' title='bbox 2677 1738 2709 1787; x_wconf 82' lang='lat'>2</span> 
     </span>
     <span class='ocr_line' id='line_1_19' title="bbox 284 1810 2638 1897; baseline 0.001 -23"><span class='ocrx_word' id='word_1_126' title='bbox 284 1810 652 1893; x_wconf 89' lang='lat' dir='ltr'><strong>hominum,</strong></span> <span class='ocrx_word' id='word_1_127' title='bbox 698 1832 1013 1895; x_wconf 89' lang='lat' dir='ltr'><strong>equorum</strong></span> <span class='ocrx_word' id='word_1_128' title='bbox 1068 1810 1393 1896; x_wconf 87' lang='lat' dir='ltr'><strong>hinnitus,</strong></span> <span class='ocrx_word' id='word_1_129' title='bbox 1448 1834 1776 1879; x_wconf 89' lang='lat' dir='ltr'><strong>armorum</strong></span> <span class='ocrx_word' id='word_1_130' title='bbox 1831 1813 2355 1878; x_wconf 86' lang='lat' dir='ltr'><strong>internitentium</strong></span> <span class='ocrx_word' id='word_1_131' title='bbox 2400 1811 2638 1897; x_wconf 86' lang='lat' dir='ltr'><strong>fulgor,</strong></span> 
     </span>
     <span class='ocr_line' id='line_1_20' title="bbox 286 1898 2706 1985; baseline 0 -22"><span class='ocrx_word' id='word_1_132' title='bbox 286 1898 639 1964; x_wconf 87' lang='lat' dir='ltr'><strong>sollicitam</strong></span> <span class='ocrx_word' id='word_1_133' title='bbox 667 1900 1115 1984; x_wconf 85' lang='lat' dir='ltr'><strong>expectatione</strong></span> <span class='ocrx_word' id='word_1_134' title='bbox 1152 1903 1439 1964; x_wconf 88' lang='lat' dir='ltr'><strong>mentem</strong></span> <span class='ocrx_word' id='word_1_135' title='bbox 1475 1902 1918 1967; x_wconf 84' lang='lat' dir='ltr'><strong>turbaverant.</strong></span> <span class='ocrx_word' id='word_1_136' title='bbox 1980 1901 2191 1985; x_wconf 84' lang='lat' dir='ltr'><strong>Igitur</strong></span> <span class='ocrx_word' id='word_1_137' title='bbox 2229 1902 2363 1967; x_wconf 86' lang='lat' dir='ltr'><strong>sive</strong></span> <span class='ocrx_word' id='word_1_138' title='bbox 2403 1900 2636 1965; x_wconf 91' lang='lat' dir='ltr'><strong>dubius</strong></span> <span class='ocrx_word' id='word_1_139' title='bbox 2673 1914 2706 1963; x_wconf 83' lang='lat'><strong>3</strong></span> 
     </span>
     <span class='ocr_line' id='line_1_21' title="bbox 284 1987 2638 2074; baseline 0 -22"><span class='ocrx_word' id='word_1_140' title='bbox 284 1987 509 2065; x_wconf 85' lang='lat' dir='ltr'><strong>animi,</strong></span> <span class='ocrx_word' id='word_1_141' title='bbox 556 1989 692 2052; x_wconf 85' lang='lat' dir='ltr'><strong>sive</strong></span> <span class='ocrx_word' id='word_1_142' title='bbox 738 1992 814 2052; x_wconf 88' lang='lat' dir='ltr'><strong>ut</strong></span> <span class='ocrx_word' id='word_1_143' title='bbox 858 2010 1011 2053; x_wconf 89' lang='lat' dir='ltr'><strong>suos</strong></span> <span class='ocrx_word' id='word_1_144' title='bbox 1058 1988 1488 2071; x_wconf 82' lang='lat' dir='ltr'><strong>experiretur,</strong></span> <span class='ocrx_word' id='word_1_145' title='bbox 1537 1990 1876 2055; x_wconf 90' lang='lat' dir='ltr'><strong>consilium</strong></span> <span class='ocrx_word' id='word_1_146' title='bbox 1923 1990 2219 2072; x_wconf 84' lang='lat' dir='ltr'><strong>adhibet,</strong></span> <span class='ocrx_word' id='word_1_147' title='bbox 2265 1989 2421 2074; x_wconf 92' lang='lat' dir='ltr'><strong>quid</strong></span> <span class='ocrx_word' id='word_1_148' title='bbox 2468 1989 2638 2073; x_wconf 90' lang='lat' dir='ltr'><strong>opti-</strong></span> 
     </span>
     <span class='ocr_line' id='line_1_22' title="bbox 285 2075 2710 2162; baseline -0.001 -21"><span class='ocrx_word' id='word_1_149' title='bbox 285 2097 465 2141; x_wconf 89' lang='lat' dir='ltr'><strong>mum</strong></span> <span class='ocrx_word' id='word_1_150' title='bbox 492 2075 670 2141; x_wconf 87' lang='lat' dir='ltr'><strong>factu</strong></span> <span class='ocrx_word' id='word_1_151' title='bbox 698 2081 887 2159; x_wconf 89' lang='lat' dir='ltr'><strong>esset,</strong></span> <span class='ocrx_word' id='word_1_152' title='bbox 926 2078 1288 2162; x_wconf 87' lang='lat' dir='ltr'><strong>exquirens.</strong></span> <span class='ocrx_word' id='word_1_153' title='bbox 1360 2075 1724 2161; x_wconf 81' lang='lat' dir='ltr'><strong>ParmeniO,</strong></span> <span class='ocrx_word' id='word_1_154' title='bbox 1761 2078 2196 2162; x_wconf 89' lang='lat' dir='ltr'><strong>peritissimus</strong></span> <span class='ocrx_word' id='word_1_155' title='bbox 2233 2079 2406 2143; x_wconf 89' lang='lat' dir='ltr'><strong>inter</strong></span> <span class='ocrx_word' id='word_1_156' title='bbox 2442 2078 2638 2143; x_wconf 89' lang='lat' dir='ltr'><strong>duces</strong></span> <span class='ocrx_word' id='word_1_157' title='bbox 2675 2090 2710 2139; x_wconf 80' lang='lat'>4</span> 
     </span>
     <span class='ocr_line' id='line_1_23' title="bbox 286 2164 2640 2251; baseline 0.002 -22"><span class='ocrx_word' id='word_1_158' title='bbox 286 2164 527 2229; x_wconf 89' lang='lat' dir='ltr'><strong>artium</strong></span> <span class='ocrx_word' id='word_1_159' title='bbox 581 2164 771 2249; x_wconf 90' lang='lat' dir='ltr'><strong>belli,</strong></span> <span class='ocrx_word' id='word_1_160' title='bbox 796 2238 803 2245; x_wconf 54' lang='grc'><strong>,</strong></span> <span class='ocrx_word' id='word_1_161' title='bbox 824 2166 1029 2249; x_wconf 82' lang='lat' dir='ltr'><strong>farte,</strong></span> <span class='ocrx_word' id='word_1_162' title='bbox 1082 2188 1219 2233; x_wconf 83' lang='lat' dir='ltr'><strong>non</strong></span> <span class='ocrx_word' id='word_1_163' title='bbox 1272 2166 1520 2250; x_wconf 89' lang='lat' dir='ltr'><strong>proelio</strong></span> <span class='ocrx_word' id='word_1_164' title='bbox 1577 2188 1740 2251; x_wconf 90' lang='lat' dir='ltr'><strong>opus</strong></span> <span class='ocrx_word' id='word_1_165' title='bbox 1797 2190 1938 2233; x_wconf 90' lang='lat' dir='ltr'><strong>esse</strong></span> <span class='ocrx_word' id='word_1_166' title='bbox 1996 2168 2329 2233; x_wconf 85' lang='lat' dir='ltr'><strong>censebat:</strong></span> <span class='ocrx_word' id='word_1_167' title='bbox 2377 2166 2640 2233; x_wconf 77' lang='lat' dir='ltr'><strong>‘intem-</strong></span> 
     </span>
     <span class='ocr_line' id='line_1_24' title="bbox 284 2254 2640 2341; baseline 0.001 -24"><span class='ocrx_word' id='word_1_168' title='bbox 284 2257 473 2336; x_wconf 87' lang='lat' dir='ltr'><strong>pesta</strong></span> <span class='ocrx_word' id='word_1_169' title='bbox 516 2257 707 2319; x_wconf 90' lang='lat' dir='ltr'><strong>nocte</strong></span> <span class='ocrx_word' id='word_1_170' title='bbox 754 2254 1036 2338; x_wconf 89' lang='lat' dir='ltr'><strong>opprimi</strong></span> <span class='ocrx_word' id='word_1_171' title='bbox 1083 2278 1273 2339; x_wconf 89' lang='lat' dir='ltr'><strong>posse</strong></span> <span class='ocrx_word' id='word_1_172' title='bbox 1319 2255 1570 2321; x_wconf 88' lang='lat' dir='ltr'><strong>hostes:</strong></span> <span class='ocrx_word' id='word_1_173' title='bbox 1627 2254 1942 2323; x_wconf 85' lang='lat' dir='ltr'><strong>discordis</strong></span> <span class='ocrx_word' id='word_1_174' title='bbox 2002 2258 2321 2341; x_wconf 74' lang='lat' dir='ltr'><strong>moribuS‚</strong></span> <span class='ocrx_word' id='word_1_175' title='bbox 2375 2256 2640 2341; x_wconf 82' lang='lat' dir='ltr'><strong>linguis,</strong></span> 
     </span>
     <span class='ocr_line' id='line_1_25' title="bbox 289 2341 2634 2430; baseline 0.002 -24"><span class='ocrx_word' id='word_1_176' title='bbox 289 2342 370 2406; x_wconf 86' lang='lat' dir='ltr'><strong>ad</strong></span> <span class='ocrx_word' id='word_1_177' title='bbox 416 2341 543 2409; x_wconf 92' lang='lat' dir='ltr'><strong>hoc</strong></span> <span class='ocrx_word' id='word_1_178' title='bbox 589 2364 819 2408; x_wconf 89' lang='lat' dir='ltr'><strong>somno</strong></span> <span class='ocrx_word' id='word_1_179' title='bbox 866 2346 934 2408; x_wconf 91' lang='lat' dir='ltr'><strong>et</strong></span> <span class='ocrx_word' id='word_1_180' title='bbox 978 2343 1313 2428; x_wconf 85' lang='lat' dir='ltr'><strong>inproviso</strong></span> <span class='ocrx_word' id='word_1_181' title='bbox 1361 2345 1652 2429; x_wconf 80' lang='lat' dir='ltr'><strong>periculo</strong></span> <span class='ocrx_word' id='word_1_182' title='bbox 1698 2346 1992 2430; x_wconf 89' lang='lat' dir='ltr'><strong>territos,</strong></span> <span class='ocrx_word' id='word_1_183' title='bbox 2048 2345 2308 2430; x_wconf 88' lang='lat' dir='ltr'><strong>quando</strong></span> <span class='ocrx_word' id='word_1_184' title='bbox 2361 2346 2430 2412; x_wconf 88' lang='lat' dir='ltr'><strong>in</strong></span> <span class='ocrx_word' id='word_1_185' title='bbox 2485 2366 2634 2411; x_wconf 88' lang='lat' dir='ltr'><strong>noc-</strong></span> 
     </span>
     <span class='ocr_line' id='line_1_26' title="bbox 282 2433 2709 2520; baseline -0 -20"><span class='ocrx_word' id='word_1_186' title='bbox 282 2435 481 2500; x_wconf 71' lang='lat' dir='ltr'><strong>turna</strong></span> <span class='ocrx_word' id='word_1_187' title='bbox 524 2433 963 2515; x_wconf 88' lang='lat' dir='ltr'><strong>trepidatione</strong></span> <span class='ocrx_word' id='word_1_188' title='bbox 1000 2433 1334 2500; x_wconf 80' lang='lat' dir='ltr'><strong>coituros?</strong></span> <span class='ocrx_word' id='word_1_189' title='bbox 1397 2433 1491 2498; x_wconf 87' lang='lat' dir='ltr'><strong>At</strong></span> <span class='ocrx_word' id='word_1_190' title='bbox 1524 2435 1810 2500; x_wconf 89' lang='lat' dir='ltr'><strong>interdiu</strong></span> <span class='ocrx_word' id='word_1_191' title='bbox 1844 2436 2127 2520; x_wconf 90' lang='lat' dir='ltr'><strong>primum</strong></span> <span class='ocrx_word' id='word_1_192' title='bbox 2163 2435 2490 2502; x_wconf 88' lang='lat' dir='ltr'><strong>terribiles</strong></span> <span class='ocrx_word' id='word_1_193' title='bbox 2531 2457 2638 2501; x_wconf 81' lang='lat' dir='ltr'><strong>oc·</strong></span> <span class='ocrx_word' id='word_1_194' title='bbox 2676 2450 2709 2499; x_wconf 82' lang='grc'><strong>5</strong></span> 
     </span>
     <span class='ocr_line' id='line_1_27' title="bbox 287 2519 2640 2608; baseline 0.002 -24"><span class='ocrx_word' id='word_1_195' title='bbox 287 2541 588 2585; x_wconf 88' lang='lat' dir='ltr'><strong>cursuras</strong></span> <span class='ocrx_word' id='word_1_196' title='bbox 631 2520 835 2586; x_wconf 86' lang='lat' dir='ltr'><strong>facies</strong></span> <span class='ocrx_word' id='word_1_197' title='bbox 884 2519 1279 2605; x_wconf 83' lang='lat' dir='ltr'><strong>Scytharum</strong></span> <span class='ocrx_word' id='word_1_198' title='bbox 1324 2522 1950 2608; x_wconf 87' lang='lat' dir='ltr'><strong>Bactrianorumque</strong></span> <span class='ocrx_word' id='word_1_199' title='bbox 1991 2561 2068 2572; x_wconf 89' lang='lat'><em>-</em></span> <span class='ocrx_word' id='word_1_200' title='bbox 2120 2524 2297 2590; x_wconf 89' lang='lat' dir='ltr'><strong>hirta</strong></span> <span class='ocrx_word' id='word_1_201' title='bbox 2341 2524 2474 2592; x_wconf 89' lang='lat' dir='ltr'><strong>illis</strong></span> <span class='ocrx_word' id='word_1_202' title='bbox 2521 2545 2640 2590; x_wconf 89' lang='lat' dir='ltr'><strong>ora</strong></span> 
     </span>
     <span class='ocr_line' id='line_1_28' title="bbox 286 2609 2638 2697; baseline 0.003 -25"><span class='ocrx_word' id='word_1_203' title='bbox 286 2613 354 2672; x_wconf 86' lang='lat' dir='ltr'><strong>et</strong></span> <span class='ocrx_word' id='word_1_204' title='bbox 370 2651 377 2658; x_wconf 83' lang='lat'><strong>·</strong></span> <span class='ocrx_word' id='word_1_205' title='bbox 395 2609 693 2676; x_wconf 85' lang='lat' dir='ltr'><strong>intonsas</strong></span> <span class='ocrx_word' id='word_1_206' title='bbox 741 2631 961 2676; x_wconf 89' lang='lat' dir='ltr'><strong>comas</strong></span> <span class='ocrx_word' id='word_1_207' title='bbox 1010 2633 1170 2695; x_wconf 86' lang='lat' dir='ltr'><strong>esse,</strong></span> <span class='ocrx_word' id='word_1_208' title='bbox 1215 2616 1549 2696; x_wconf 87' lang='lat' dir='ltr'><strong>praeterea</strong></span> <span class='ocrx_word' id='word_1_209' title='bbox 1597 2613 1903 2678; x_wconf 89' lang='lat' dir='ltr'><strong>eximiam</strong></span> <span class='ocrx_word' id='word_1_210' title='bbox 1940 2616 2276 2678; x_wconf 84' lang='lat' dir='ltr'><strong>vastorum</strong></span> <span class='ocrx_word' id='word_1_211' title='bbox 2313 2615 2638 2697; x_wconf 88' lang='lat' dir='ltr'><strong>magnitu-</strong></span> 
     </span>
     <span class='ocr_line' id='line_1_29' title="bbox 286 2697 2638 2792; baseline 0.002 -30"><span class='ocrx_word' id='word_1_212' title='bbox 286 2697 504 2763; x_wconf 85' lang='lat' dir='ltr'><strong>dinem</strong></span> <span class='ocrx_word' id='word_1_213' title='bbox 552 2719 920 2784; x_wconf 84' lang='lat' dir='ltr'><strong>corporum:</strong></span> <span class='ocrx_word' id='word_1_214' title='bbox 968 2701 1154 2766; x_wconf 86' lang='lat' dir='ltr'><strong>vanis</strong></span> <span class='ocrx_word' id='word_1_215' title='bbox 1194 2704 1263 2765; x_wconf 91' lang='lat' dir='ltr'><strong>et</strong></span> <span class='ocrx_word' id='word_1_216' title='bbox 1297 2701 1604 2767; x_wconf 85' lang='lat' dir='ltr'><strong>inanibus</strong></span> <span class='ocrx_word' id='word_1_217' title='bbox 1645 2703 1930 2792; x_wconf 28' lang='lat' dir='ltr'><strong>militem·</strong></span> <span class='ocrx_word' id='word_1_218' title='bbox 1961 2702 2172 2783; x_wconf 85' lang='lat' dir='ltr'><strong>magis</strong></span> <span class='ocrx_word' id='word_1_219' title='bbox 2210 2723 2410 2784; x_wconf 90' lang='lat' dir='ltr'><strong>quam</strong></span> <span class='ocrx_word' id='word_1_220' title='bbox 2444 2702 2638 2766; x_wconf 89' lang='lat' dir='ltr'><strong>iustis</strong></span> 
     </span>
    </p>
   </div>
   <div class='ocr_carea' id='block_1_10' title="bbox 280 2909 1408 3600">
    <p class='ocr_par' dir='ltr' id='par_1_10' title="bbox 281 2909 1408 3272">
     <span class='ocr_line' id='line_1_30' title="bbox 356 2909 1330 2976; baseline 0.003 -15"><span class='ocrx_word' id='word_1_221' title='bbox 356 2913 443 2962; x_wconf 81' lang='lat'><strong>23.</strong></span> <span class='ocrx_word' id='word_1_222' title='bbox 481 2913 710 2976; x_wconf 74' lang='lat' dir='ltr'><strong>antea,</strong></span> <span class='ocrx_word' id='word_1_223' title='bbox 746 2909 916 2964; x_wconf 69' lang='lat' dir='ltr'><strong>naml.</strong></span> <span class='ocrx_word' id='word_1_224' title='bbox 960 2913 1044 2963; x_wconf 77' lang='lat'><strong>12.</strong></span> <span class='ocrx_word' id='word_1_225' title='bbox 1084 2915 1135 2964; x_wconf 88' lang='lat'><strong>3.</strong></span> <span class='ocrx_word' id='word_1_226' title='bbox 1172 2940 1245 2949; x_wconf 93' lang='lat'><strong>—</strong></span> <span class='ocrx_word' id='word_1_227' title='bbox 1278 2914 1330 2963; x_wconf 84' lang='lat' dir='ltr'><strong>et</strong></span> 
     </span>
     <span class='ocr_line' id='line_1_31' title="bbox 284 2978 1406 3050; baseline 0.004 -18"><span class='ocrx_word' id='word_1_228' title='bbox 284 2978 551 3034; x_wconf 77' lang='lat' dir='ltr'><strong>edidere</strong></span> <span class='ocrx_word' id='word_1_229' title='bbox 602 3004 671 3024; x_wconf 85' lang='lat'><em>=</em></span> <span class='ocrx_word' id='word_1_230' title='bbox 721 2979 839 3034; x_wconf 81' lang='lat' dir='ltr'><strong>‘da</strong></span> <span class='ocrx_word' id='word_1_231' title='bbox 884 2978 1247 3046; x_wconf 78' lang='lat' dir='ltr'><strong>erheben&#39;3</strong></span> <span class='ocrx_word' id='word_1_232' title='bbox 1293 2981 1406 3050; x_wconf 83' lang='lat' dir='ltr'><strong>vgl.</strong></span> 
     </span>
     <span class='ocr_line' id='line_1_32' title="bbox 284 3046 1408 3118; baseline 0.004 -17"><span class='ocrx_word' id='word_1_233' title='bbox 284 3046 377 3102; x_wconf 90' lang='lat' dir='ltr'><strong>die</strong></span> <span class='ocrx_word' id='word_1_234' title='bbox 430 3048 695 3104; x_wconf 66' lang='lat' dir='ltr'><strong>ahnliche</strong></span> <span class='ocrx_word' id='word_1_235' title='bbox 752 3049 929 3105; x_wconf 73' lang='lat' dir='ltr'><strong>Stella</strong></span> <span class='ocrx_word' id='word_1_236' title='bbox 984 3057 1035 3106; x_wconf 87' lang='lat'><strong>3.</strong></span> <span class='ocrx_word' id='word_1_237' title='bbox 1077 3057 1159 3107; x_wconf 89' lang='lat'><strong>10.</strong></span> <span class='ocrx_word' id='word_1_238' title='bbox 1199 3055 1259 3118; x_wconf 79' lang='lat'><strong>2,</strong></span> <span class='ocrx_word' id='word_1_239' title='bbox 1318 3067 1408 3106; x_wconf 80' lang='lat' dir='ltr'><strong>wo</strong></span> 
     </span>
     <span class='ocr_line' id='line_1_33' title="bbox 284 3120 1404 3178; baseline 0.002 -4"><span class='ocrx_word' id='word_1_240' title='bbox 284 3120 432 3174; x_wconf 84' lang='lat' dir='ltr'><strong>auch</strong></span> <span class='ocrx_word' id='word_1_241' title='bbox 468 3121 690 3178; x_wconf 75' lang='lat' dir='ltr'><strong>reddere</strong></span> <span class='ocrx_word' id='word_1_242' title='bbox 732 3122 1018 3176; x_wconf 82' lang='lat' dir='ltr'><strong>clamorem</strong></span> <span class='ocrx_word' id='word_1_243' title='bbox 1067 3121 1373 3176; x_wconf 74' lang='lat' dir='ltr'><strong>‘et-widem</strong></span> <span class='ocrx_word' id='word_1_244' title='bbox 1386 3123 1404 3148; x_wconf 80' lang='lat'><strong><em>⁹</em></strong></span> 
     </span>
     <span class='ocr_line' id='line_1_34' title="bbox 281 3191 1405 3272; baseline 0.004 -28"><span class='ocrx_word' id='word_1_245' title='bbox 281 3191 563 3248; x_wconf 85' lang='lat' dir='ltr'><strong>bedeutet.</strong></span> <span class='ocrx_word' id='word_1_246' title='bbox 618 3223 684 3232; x_wconf 93' lang='lat'><strong>—</strong></span> <span class='ocrx_word' id='word_1_247' title='bbox 730 3193 1227 3272; x_wconf 61' lang='lat' dir='ltr'><strong>circumiectas,</strong></span> <span class='ocrx_word' id='word_1_248' title='bbox 1274 3211 1318 3249; x_wconf 85' lang='lat' dir='ltr'><strong>s.</strong></span> <span class='ocrx_word' id='word_1_249' title='bbox 1357 3199 1405 3249; x_wconf 84' lang='lat'><strong>3.</strong></span> 
     </span>
    </p>

    <p class='ocr_par' dir='ltr' id='par_1_11' title="bbox 280 3333 1407 3600">
     <span class='ocr_line' id='line_1_35' title="bbox 354 3333 1405 3404; baseline 0.003 -18"><span class='ocrx_word' id='word_1_250' title='bbox 354 3337 439 3387; x_wconf 81' lang='lat'><strong>24.</strong></span> <span class='ocrx_word' id='word_1_251' title='bbox 479 3349 596 3388; x_wconf 81' lang='lat' dir='ltr'><strong>nec</strong></span> <span class='ocrx_word' id='word_1_252' title='bbox 630 3335 788 3400; x_wconf 78' lang='lat' dir='ltr'><strong>iam,</strong></span> <span class='ocrx_word' id='word_1_253' title='bbox 827 3333 1117 3404; x_wconf 80' lang='lat' dir='ltr'><strong>hyperbol.</strong></span> <span class='ocrx_word' id='word_1_254' title='bbox 1154 3333 1246 3388; x_wconf 75' lang='lat' dir='ltr'><strong>ffir</strong></span> <span class='ocrx_word' id='word_1_255' title='bbox 1278 3335 1405 3404; x_wconf 76' lang='lat' dir='ltr'><strong>vix3</strong></span> 
     </span>
     <span class='ocr_line' id='line_1_36' title="bbox 280 3401 1403 3473; baseline 0.004 -18"><span class='ocrx_word' id='word_1_256' title='bbox 280 3401 361 3456; x_wconf 91' lang='lat' dir='ltr'><strong>im</strong></span> <span class='ocrx_word' id='word_1_257' title='bbox 387 3403 694 3473; x_wconf 83' lang='lat' dir='ltr'><strong>folgenden</strong></span> <span class='ocrx_word' id='word_1_258' title='bbox 722 3404 886 3460; x_wconf 85' lang='lat' dir='ltr'><strong>Satze</strong></span> <span class='ocrx_word' id='word_1_259' title='bbox 916 3405 1137 3460; x_wconf 89' lang='lat' dir='ltr'><strong>scheint</strong></span> <span class='ocrx_word' id='word_1_260' title='bbox 1164 3404 1255 3459; x_wconf 91' lang='lat' dir='ltr'><strong>die</strong></span> <span class='ocrx_word' id='word_1_261' title='bbox 1273 3403 1403 3460; x_wconf 85' lang='lat' dir='ltr'><strong>Ein-</strong></span> 
     </span>
     <span class='ocr_line' id='line_1_37' title="bbox 283 3473 1407 3556; baseline 0.005 -30"><span class='ocrx_word' id='word_1_262' title='bbox 283 3473 593 3556; x_wconf 73' lang='lat' dir='ltr'><strong>schiebung</strong></span> <span class='ocrx_word' id='word_1_263' title='bbox 619 3476 718 3532; x_wconf 88' lang='lat' dir='ltr'><strong>des</strong></span> <span class='ocrx_word' id='word_1_264' title='bbox 741 3475 1039 3546; x_wconf 86' lang='lat' dir='ltr'><strong>Subjektes</strong></span> <span class='ocrx_word' id='word_1_265' title='bbox 1068 3479 1214 3545; x_wconf 77' lang='lat' dir='ltr'><strong>(rex)</strong></span> <span class='ocrx_word' id='word_1_266' title='bbox 1243 3475 1407 3548; x_wconf 74' lang='lat' dir='ltr'><strong>notig</strong></span> 
     </span>
     <span class='ocr_line' id='line_1_38' title="bbox 282 3560 522 3600; baseline 0.017 -4"><span class='ocrx_word' id='word_1_267' title='bbox 282 3560 351 3597; x_wconf 86' lang='lat' dir='ltr'><strong>zu</strong></span> <span class='ocrx_word' id='word_1_268' title='bbox 387 3561 522 3600; x_wconf 87' lang='lat' dir='ltr'><strong>sem.</strong></span> 
     </span>
    </p>
   </div>
   <div class='ocr_carea' id='block_1_11' title="bbox 681 3669 1005 3726">
    <p class='ocr_par' dir='ltr' id='par_1_12' title="bbox 681 3669 1005 3726">
     <span class='ocr_line' id='line_1_39' title="bbox 681 3669 1005 3726; baseline 0.012 -4"><span class='ocrx_word' id='word_1_269' title='bbox 681 3669 819 3726; x_wconf 58' lang='lat' dir='ltr'><strong>Kar.</strong></span> <span class='ocrx_word' id='word_1_270' title='bbox 858 3670 1005 3726; x_wconf 82' lang='lat' dir='ltr'><strong>XIII.</strong></span> 
     </span>
    </p>
   </div>
   <div class='ocr_carea' id='block_1_12' title="bbox 278 3758 1407 4384">
    <p class='ocr_par' dir='ltr' id='par_1_13' title="bbox 280 3758 1405 3969">
     <span class='ocr_line' id='line_1_40' title="bbox 356 3758 1402 3830; baseline 0.005 -21"><span class='ocrx_word' id='word_1_271' title='bbox 356 3761 402 3810; x_wconf 92' lang='lat'><strong>1.</strong></span> <span class='ocrx_word' id='word_1_272' title='bbox 459 3758 611 3825; x_wconf 73' lang='lat' dir='ltr'><strong>equi</strong></span> <span class='ocrx_word' id='word_1_273' title='bbox 662 3758 929 3828; x_wconf 77' lang='lat' dir='ltr'><strong>virique</strong></span> <span class='ocrx_word' id='word_1_274' title='bbox 982 3762 1129 3815; x_wconf 87' lang='lat' dir='ltr'><strong>nach</strong></span> <span class='ocrx_word' id='word_1_275' title='bbox 1179 3759 1402 3830; x_wconf 80' lang='lat' dir='ltr'><strong>Vergi13</strong></span> 
     </span>
     <span class='ocr_line' id='line_1_41' title="bbox 281 3825 1405 3888; baseline 0.005 -8"><span class='ocrx_word' id='word_1_276' title='bbox 281 3825 454 3881; x_wconf 75' lang='lat' dir='ltr'><strong>ofters</strong></span> <span class='ocrx_word' id='word_1_277' title='bbox 509 3843 573 3882; x_wconf 82' lang='lat' dir='ltr'><strong>so</strong></span> <span class='ocrx_word' id='word_1_278' title='bbox 627 3828 723 3884; x_wconf 88' lang='lat' dir='ltr'><strong>bei</strong></span> <span class='ocrx_word' id='word_1_279' title='bbox 784 3829 845 3884; x_wconf 84' lang='grc' dir='ltr'><strong>Ο.</strong></span> <span class='ocrx_word' id='word_1_280' title='bbox 904 3861 969 3871; x_wconf 92' lang='grc'>-</span> <span class='ocrx_word' id='word_1_281' title='bbox 1034 3833 1405 3888; x_wconf 74' lang='lat' dir='ltr'><strong>intentiore</strong></span> 
     </span>
     <span class='ocr_line' id='line_1_42' title="bbox 280 3899 1097 3969; baseline 0.009 -18"><span class='ocrx_word' id='word_1_282' title='bbox 280 3913 445 3952; x_wconf 74' lang='lat' dir='ltr'><strong>cura</strong></span> <span class='ocrx_word' id='word_1_283' title='bbox 481 3899 591 3952; x_wconf 78' lang='lat' dir='ltr'><strong>wie</strong></span> <span class='ocrx_word' id='word_1_284' title='bbox 628 3905 660 3965; x_wconf 66' lang='grc' dir='ltr'><strong>ξ</strong></span> <span class='ocrx_word' id='word_1_285' title='bbox 700 3904 794 3969; x_wconf 84' lang='grc'><strong>11;</strong></span> <span class='ocrx_word' id='word_1_286' title='bbox 834 3907 882 3956; x_wconf 84' lang='grc'><strong>3.</strong></span> <span class='ocrx_word' id='word_1_287' title='bbox 926 3907 1009 3956; x_wconf 83' lang='grc'><strong>13.</strong></span> <span class='ocrx_word' id='word_1_288' title='bbox 1046 3907 1097 3959; x_wconf 81' lang='grc'><strong>8.</strong></span> 
     </span>
    </p>

    <p class='ocr_par' dir='ltr' id='par_1_14' title="bbox 278 3970 1407 4384">
     <span class='ocr_line' id='line_1_43' title="bbox 350 3970 1405 4043; baseline 0.006 -21"><span class='ocrx_word' id='word_1_289' title='bbox 350 3974 403 4022; x_wconf 78' lang='grc'><strong>2.</strong></span> <span class='ocrx_word' id='word_1_290' title='bbox 426 3970 759 4040; x_wconf 72' lang='lat' dir='ltr'><strong>pleraque</strong></span> <span class='ocrx_word' id='word_1_291' title='bbox 791 3973 1062 4038; x_wconf 68' lang='lat' dir='ltr'><strong>inania,</strong></span> <span class='ocrx_word' id='word_1_292' title='bbox 1090 3974 1201 4043; x_wconf 77' lang='lat' dir='ltr'><strong>vgl.</strong></span> <span class='ocrx_word' id='word_1_293' title='bbox 1231 3976 1405 4028; x_wconf 89' lang='lat' dir='ltr'><strong>unten</strong></span> 
     </span>
     <span class='ocr_line' id='line_1_44' title="bbox 280 4039 1406 4114; baseline 0.006 -22"><span class='ocrx_word' id='word_1_294' title='bbox 280 4044 313 4104; x_wconf 69' lang='lat'>5</span> <span class='ocrx_word' id='word_1_295' title='bbox 357 4045 391 4093; x_wconf 80' lang='lat'>5</span> <span class='ocrx_word' id='word_1_296' title='bbox 445 4039 565 4094; x_wconf 87' lang='lat' dir='ltr'><strong>und</strong></span> <span class='ocrx_word' id='word_1_297' title='bbox 622 4049 669 4096; x_wconf 81' lang='lat'><strong>7.</strong></span> <span class='ocrx_word' id='word_1_298' title='bbox 712 4047 794 4097; x_wconf 91' lang='grc'><strong>11.</strong></span> <span class='ocrx_word' id='word_1_299' title='bbox 838 4049 909 4096; x_wconf 74' lang='lat'><strong>25</strong></span> <span class='ocrx_word' id='word_1_300' title='bbox 966 4045 1226 4114; x_wconf 74' lang='lat' dir='ltr'><strong>pleraque</strong></span> <span class='ocrx_word' id='word_1_301' title='bbox 1281 4046 1406 4100; x_wconf 76' lang='lat' dir='ltr'><strong>beai</strong></span> 
     </span>
     <span class='ocr_line' id='line_1_45' title="bbox 278 4100 1405 4168; baseline 0.004 -4"><span class='ocrx_word' id='word_1_302' title='bbox 278 4127 431 4164; x_wconf 79' lang='lat' dir='ltr'><strong>vam</strong></span> <span class='ocrx_word' id='word_1_303' title='bbox 482 4117 534 4166; x_wconf 86' lang='lat' dir='ltr'><strong>et</strong></span> <span class='ocrx_word' id='word_1_304' title='bbox 566 4114 798 4168; x_wconf 60' lang='lat' dir='ltr'><strong>inania.</strong></span> <span class='ocrx_word' id='word_1_305' title='bbox 870 4100 1203 4168; x_wconf 69' lang='lat' dir='ltr'><strong>Ubersetze:</strong></span> <span class='ocrx_word' id='word_1_306' title='bbox 1251 4133 1405 4168; x_wconf 78' lang='lat' dir='ltr'><strong>man-</strong></span> 
     </span>
     <span class='ocr_line' id='line_1_46' title="bbox 280 4173 1404 4254; baseline 0.007 -21"><span class='ocrx_word' id='word_1_307' title='bbox 280 4179 493 4236; x_wconf 86' lang='lat' dir='ltr'><strong>cherlei</strong></span> <span class='ocrx_word' id='word_1_308' title='bbox 529 4182 784 4253; x_wconf 85' lang='lat' dir='ltr'><strong>nichtige</strong></span> <span class='ocrx_word' id='word_1_309' title='bbox 824 4184 1023 4254; x_wconf 70' lang='lat' dir='ltr'><strong>Dirige,</strong></span> <span class='ocrx_word' id='word_1_310' title='bbox 1061 4173 1404 4240; x_wconf 59' lang='lat' dir='ltr'><strong>Kusserlich-</strong></span> 
     </span>
     <span class='ocr_line' id='line_1_47' title="bbox 281 4251 1407 4324; baseline 0.007 -21"><span class='ocrx_word' id='word_1_311' title='bbox 281 4251 493 4309; x_wconf 85' lang='lat' dir='ltr'><strong>keiten.</strong></span> <span class='ocrx_word' id='word_1_312' title='bbox 550 4284 617 4293; x_wconf 92' lang='lat'><strong>—-</strong></span> <span class='ocrx_word' id='word_1_313' title='bbox 667 4255 1245 4324; x_wconf 71' lang='lat' dir='ltr'><strong>internitentium,</strong></span> <span class='ocrx_word' id='word_1_314' title='bbox 1299 4255 1407 4312; x_wconf 79' lang='lat' dir='ltr'><strong>wie</strong></span> 
     </span>
     <span class='ocr_line' id='line_1_48' title="bbox 283 4325 852 4384; baseline 0.014 -10"><span class='ocrx_word' id='word_1_315' title='bbox 283 4327 335 4375; x_wconf 82' lang='lat'><strong>3.</strong></span> <span class='ocrx_word' id='word_1_316' title='bbox 378 4327 445 4376; x_wconf 82' lang='grc'><strong>16</strong></span> <span class='ocrx_word' id='word_1_317' title='bbox 478 4325 852 4384; x_wconf 75' lang='lat' dir='ltr'><strong>intemitebat.</strong></span> 
     </span>
    </p>
   </div>
   <div class='ocr_carea' id='block_1_13' title="bbox 1513 2907 2640 3180">
    <p class='ocr_par' dir='ltr' id='par_1_15' title="bbox 1513 2907 2640 3180">
     <span class='ocr_line' id='line_1_49' title="bbox 1591 2907 2638 2966; baseline -0.003 -2"><span class='ocrx_word' id='word_1_318' title='bbox 1591 2916 1640 2965; x_wconf 88' lang='lat'><strong>3.</strong></span> <span class='ocrx_word' id='word_1_319' title='bbox 1695 2911 1946 2966; x_wconf 72' lang='lat' dir='ltr'><strong>dubius</strong></span> <span class='ocrx_word' id='word_1_320' title='bbox 2001 2910 2215 2964; x_wconf 74' lang='lat' dir='ltr'><strong>animi</strong></span> <span class='ocrx_word' id='word_1_321' title='bbox 2250 2909 2302 2964; x_wconf 89' lang='lat' dir='ltr'><strong>d.</strong></span> <span class='ocrx_word' id='word_1_322' title='bbox 2343 2909 2397 2964; x_wconf 91' lang='lat' dir='ltr'><strong>h.</strong></span> <span class='ocrx_word' id='word_1_323' title='bbox 2436 2907 2638 2962; x_wconf 78' lang='lat' dir='ltr'><strong>witk-</strong></span> 
     </span>
     <span class='ocr_line' id='line_1_50' title="bbox 1513 2980 2635 3050; baseline 0 -17"><span class='ocrx_word' id='word_1_324' title='bbox 1513 2980 1659 3036; x_wconf 89' lang='lat' dir='ltr'><strong>lich</strong></span> <span class='ocrx_word' id='word_1_325' title='bbox 1716 2980 2072 3050; x_wconf 73' lang='lat' dir='ltr'><strong>unachlflssig</strong></span> <span class='ocrx_word' id='word_1_326' title='bbox 2125 3011 2196 3022; x_wconf 90' lang='lat'><strong>-—</strong></span> <span class='ocrx_word' id='word_1_327' title='bbox 2249 2980 2635 3048; x_wconf 71' lang='lat' dir='ltr'><strong>eonsilium,</strong></span> 
     </span>
     <span class='ocr_line' id='line_1_51' title="bbox 1514 3048 2640 3120; baseline -0.002 -14"><span class='ocrx_word' id='word_1_328' title='bbox 1514 3051 1664 3107; x_wconf 83' lang='lat' dir='ltr'><strong>hier:</strong></span> <span class='ocrx_word' id='word_1_329' title='bbox 1702 3053 1804 3107; x_wconf 87' lang='lat' dir='ltr'><strong>der</strong></span> <span class='ocrx_word' id='word_1_330' title='bbox 1838 3051 2216 3120; x_wconf 85' lang='lat' dir='ltr'><strong>Kriegsrat.</strong></span> <span class='ocrx_word' id='word_1_331' title='bbox 2271 3051 2345 3105; x_wconf 85' lang='lat' dir='ltr'><strong>So</strong></span> <span class='ocrx_word' id='word_1_332' title='bbox 2365 3048 2640 3106; x_wconf 87' lang='lat' dir='ltr'><strong>schonim</strong></span> 
     </span>
     <span class='ocr_line' id='line_1_52' title="bbox 1514 3122 2122 3180; baseline 0 -3"><span class='ocrx_word' id='word_1_333' title='bbox 1514 3123 1867 3180; x_wconf 84' lang='lat' dir='ltr'><strong>klassischen</strong></span> <span class='ocrx_word' id='word_1_334' title='bbox 1902 3122 2122 3178; x_wconf 83' lang='lat' dir='ltr'><strong>Latein.</strong></span> 
     </span>
    </p>
   </div>
   <div class='ocr_carea' id='block_1_14' title="bbox 1512 3261 2640 3689">
    <p class='ocr_par' dir='ltr' id='par_1_16' title="bbox 1512 3261 2640 3689">
     <span class='ocr_line' id='line_1_53' title="bbox 1589 3261 2640 3333; baseline -0.001 -14"><span class='ocrx_word' id='word_1_335' title='bbox 1589 3271 1642 3320; x_wconf 81' lang='lat'><strong>4.-</strong></span> <span class='ocrx_word' id='word_1_336' title='bbox 1678 3266 1891 3332; x_wconf 77' lang='lat' dir='ltr'><strong>furto,</strong></span> <span class='ocrx_word' id='word_1_337' title='bbox 1928 3263 2322 3333; x_wconf 80' lang='lat' dir='ltr'><strong>Kriegslist.</strong></span> <span class='ocrx_word' id='word_1_338' title='bbox 2381 3261 2456 3318; x_wconf 85' lang='lat' dir='ltr'><strong>So</strong></span> <span class='ocrx_word' id='word_1_339' title='bbox 2493 3263 2640 3318; x_wconf 81' lang='lat' dir='ltr'><strong>auch</strong></span> 
     </span>
     <span class='ocr_line' id='line_1_54' title="bbox 1512 3320 2638 3404; baseline -0.002 -14"><span class='ocrx_word' id='word_1_340' title='bbox 1512 3335 1608 3390; x_wconf 86' lang='lat' dir='ltr'><strong>bei</strong></span> <span class='ocrx_word' id='word_1_341' title='bbox 1645 3335 1779 3392; x_wconf 87' lang='lat' dir='ltr'><strong>Sall.</strong></span> <span class='ocrx_word' id='word_1_342' title='bbox 1817 3353 1872 3390; x_wconf 88' lang='lat' dir='ltr'><strong>u.</strong></span> <span class='ocrx_word' id='word_1_343' title='bbox 1909 3335 2031 3390; x_wconf 82' lang='lat' dir='ltr'><strong>Liv.</strong></span> <span class='ocrx_word' id='word_1_344' title='bbox 2059 3367 2132 3376; x_wconf 92' lang='lat'>—</span> <span class='ocrx_word' id='word_1_345' title='bbox 2159 3335 2436 3404; x_wconf 71' lang='lat' dir='ltr'><strong>linquis.</strong></span> <span class='ocrx_word' id='word_1_346' title='bbox 2487 3320 2638 3388; x_wconf 74' lang='lat' dir='ltr'><strong>Uber</strong></span> 
     </span>
     <span class='ocr_line' id='line_1_55' title="bbox 1512 3404 2636 3477; baseline 0.001 -18"><span class='ocrx_word' id='word_1_347' title='bbox 1512 3406 1618 3460; x_wconf 87' lang='lat' dir='ltr'><strong>das</strong></span> <span class='ocrx_word' id='word_1_348' title='bbox 1645 3405 2062 3476; x_wconf 81' lang='lat' dir='ltr'><strong>zweigliedrige</strong></span> <span class='ocrx_word' id='word_1_349' title='bbox 2089 3405 2420 3477; x_wconf 85' lang='lat' dir='ltr'><strong>Asyndeton</strong></span> <span class='ocrx_word' id='word_1_350' title='bbox 2455 3404 2516 3458; x_wconf 85' lang='lat' dir='ltr'><strong>in</strong></span> <span class='ocrx_word' id='word_1_351' title='bbox 2543 3421 2636 3473; x_wconf 84' lang='lat' dir='ltr'><strong>ge-</strong></span> 
     </span>
     <span class='ocr_line' id='line_1_56' title="bbox 1512 3477 2636 3547; baseline 0 -17"><span class='ocrx_word' id='word_1_352' title='bbox 1512 3477 1812 3547; x_wconf 82' lang='lat' dir='ltr'><strong>steigerter</strong></span> <span class='ocrx_word' id='word_1_353' title='bbox 1839 3477 1994 3532; x_wconf 83' lang='lat' dir='ltr'><strong>Rede</strong></span> <span class='ocrx_word' id='word_1_354' title='bbox 2019 3496 2060 3532; x_wconf 84' lang='lat' dir='ltr'><strong>s.</strong></span> <span class='ocrx_word' id='word_1_355' title='bbox 2081 3477 2145 3533; x_wconf 87' lang='lat' dir='ltr'><strong>E.</strong></span> <span class='ocrx_word' id='word_1_356' title='bbox 2170 3482 2287 3533; x_wconf 79' lang='grc'><strong>156.</strong></span> <span class='ocrx_word' id='word_1_357' title='bbox 2311 3507 2380 3518; x_wconf 87' lang='lat'><strong>--</strong></span> <span class='ocrx_word' id='word_1_358' title='bbox 2398 3491 2636 3531; x_wconf 76' lang='lat' dir='ltr'><strong>somno.</strong></span> 
     </span>
     <span class='ocr_line' id='line_1_57' title="bbox 1512 3547 2638 3618; baseline 0.001 -17"><span class='ocrx_word' id='word_1_359' title='bbox 1512 3549 1721 3602; x_wconf 87' lang='lat' dir='ltr'><strong>Hartes</strong></span> <span class='ocrx_word' id='word_1_360' title='bbox 1759 3549 2030 3618; x_wconf 78' lang='lat' dir='ltr'><strong>Zeugma3</strong></span> <span class='ocrx_word' id='word_1_361' title='bbox 2067 3549 2361 3604; x_wconf 87' lang='lat' dir='ltr'><strong>vielleicht</strong></span> <span class='ocrx_word' id='word_1_362' title='bbox 2393 3547 2473 3602; x_wconf 89' lang='lat' dir='ltr'><strong>ist</strong></span> <span class='ocrx_word' id='word_1_363' title='bbox 2507 3564 2638 3618; x_wconf 73' lang='lat' dir='ltr'><strong>yra-</strong></span> 
     </span>
     <span class='ocr_line' id='line_1_58' title="bbox 1512 3619 2430 3689; baseline 0.002 -17"><span class='ocrx_word' id='word_1_364' title='bbox 1512 3635 1600 3674; x_wconf 79' lang='lat' dir='ltr'><strong>ves</strong></span> <span class='ocrx_word' id='word_1_365' title='bbox 1633 3620 1783 3674; x_wconf 84' lang='lat' dir='ltr'><strong>nach</strong></span> <span class='ocrx_word' id='word_1_366' title='bbox 1820 3621 2028 3689; x_wconf 62' lang='lat' dir='ltr'><strong>linquis</strong></span> <span class='ocrx_word' id='word_1_367' title='bbox 2065 3619 2430 3688; x_wconf 82' lang='lat' dir='ltr'><strong>ausgefallen.</strong></span> 
     </span>
    </p>
   </div>
   <div class='ocr_carea' id='block_1_15' title="bbox 1509 3760 2639 4397">
    <p class='ocr_par' dir='ltr' id='par_1_17' title="bbox 1509 3760 2639 4397">
     <span class='ocr_line' id='line_1_59' title="bbox 1585 3760 2022 3817; baseline 0 -3"><span class='ocrx_word' id='word_1_368' title='bbox 1585 3765 1635 3817; x_wconf 78' lang='lat'><strong>⁶.</strong></span> <span class='ocrx_word' id='word_1_369' title='bbox 1686 3760 1872 3816; x_wconf 79' lang='lat' dir='ltr'><strong>hirta</strong></span> <span class='ocrx_word' id='word_1_370' title='bbox 1915 3763 2022 3815; x_wconf 88' lang='lat' dir='ltr'><strong>etc.</strong></span> 
     </span>
     <span class='ocr_line' id='line_1_60' title="bbox 1511 3831 2638 3900; baseline -0.002 -14"><span class='ocrx_word' id='word_1_371' title='bbox 1511 3832 1802 3886; x_wconf 81' lang='lat' dir='ltr'><strong>schensatz</strong></span> <span class='ocrx_word' id='word_1_372' title='bbox 1856 3832 1932 3886; x_wconf 85' lang='lat' dir='ltr'><strong>ist</strong></span> <span class='ocrx_word' id='word_1_373' title='bbox 1976 3833 2138 3886; x_wconf 84' lang='lat' dir='ltr'><strong>nicht</strong></span> <span class='ocrx_word' id='word_1_374' title='bbox 2183 3835 2345 3886; x_wconf 81' lang='lat' dir='ltr'><strong>recht</strong></span> <span class='ocrx_word' id='word_1_375' title='bbox 2393 3831 2638 3900; x_wconf 83' lang='lat' dir='ltr'><strong>passend</strong></span> 
     </span>
     <span class='ocr_line' id='line_1_61' title="bbox 1510 3901 2634 3970; baseline -0.001 -15"><span class='ocrx_word' id='word_1_376' title='bbox 1510 3901 1574 3956; x_wconf 85' lang='lat' dir='ltr'><strong>in</strong></span> <span class='ocrx_word' id='word_1_377' title='bbox 1610 3902 1764 3956; x_wconf 87' lang='lat' dir='ltr'><strong>einer</strong></span> <span class='ocrx_word' id='word_1_378' title='bbox 1799 3901 1954 3957; x_wconf 83' lang='lat' dir='ltr'><strong>Rede</strong></span> <span class='ocrx_word' id='word_1_379' title='bbox 2001 3919 2105 3958; x_wconf 79' lang='lat' dir='ltr'><strong>vor</strong></span> <span class='ocrx_word' id='word_1_380' title='bbox 2150 3903 2281 3957; x_wconf 92' lang='lat' dir='ltr'><strong>dem</strong></span> <span class='ocrx_word' id='word_1_381' title='bbox 2329 3902 2634 3970; x_wconf 76' lang='lat' dir='ltr'><strong>Kriegsrat.</strong></span> 
     </span>
     <span class='ocr_line' id='line_1_62' title="bbox 1512 3972 2634 4042; baseline -0.003 -14"><span class='ocrx_word' id='word_1_382' title='bbox 1512 4003 1582 4014; x_wconf 90' lang='lat'><strong>—-</strong></span> <span class='ocrx_word' id='word_1_383' title='bbox 1629 3978 1997 4041; x_wconf 72' lang='lat' dir='ltr'><strong>vastorum,</strong></span> <span class='ocrx_word' id='word_1_384' title='bbox 2048 3972 2634 4042; x_wconf 78' lang='lat' dir='ltr'><strong>‘ungeschlacht&#39;‚</strong></span> 
     </span>
     <span class='ocr_line' id='line_1_63' title="bbox 1512 4044 2636 4100; baseline -0.001 -3"><span class='ocrx_word' id='word_1_385' title='bbox 1512 4062 1555 4098; x_wconf 89' lang='lat' dir='ltr'><strong>s.</strong></span> <span class='ocrx_word' id='word_1_386' title='bbox 1595 4049 1647 4100; x_wconf 89' lang='lat'><strong>8.</strong></span> <span class='ocrx_word' id='word_1_387' title='bbox 1679 4050 1763 4098; x_wconf 86' lang='lat'><strong>13.</strong></span> <span class='ocrx_word' id='word_1_388' title='bbox 1797 4050 1864 4098; x_wconf 88' lang='grc'><strong>10</strong></span> <span class='ocrx_word' id='word_1_389' title='bbox 1891 4061 1945 4098; x_wconf 90' lang='lat' dir='ltr'><strong>u.</strong></span> <span class='ocrx_word' id='word_1_390' title='bbox 1977 4049 2027 4098; x_wconf 83' lang='grc' dir='ltr'><strong>ὅ.</strong></span> <span class='ocrx_word' id='word_1_391' title='bbox 2057 4073 2126 4086; x_wconf 84' lang='lat'><strong>--</strong></span> <span class='ocrx_word' id='word_1_392' title='bbox 2152 4045 2350 4098; x_wconf 77' lang='lat' dir='ltr'><strong>vanis</strong></span> <span class='ocrx_word' id='word_1_393' title='bbox 2385 4049 2446 4097; x_wconf 86' lang='lat' dir='ltr'><strong>et</strong></span> <span class='ocrx_word' id='word_1_394' title='bbox 2479 4044 2636 4096; x_wconf 71' lang='lat' dir='ltr'><strong>ina-</strong></span> 
     </span>
     <span class='ocr_line' id='line_1_64' title="bbox 1509 4113 2636 4185; baseline -0.002 -15"><span class='ocrx_word' id='word_1_395' title='bbox 1509 4116 1739 4185; x_wconf 72' lang='lat' dir='ltr'><strong>nibus,</strong></span> <span class='ocrx_word' id='word_1_396' title='bbox 1791 4114 1944 4170; x_wconf 79' lang='lat' dir='ltr'><strong>wohl</strong></span> <span class='ocrx_word' id='word_1_397' title='bbox 2008 4113 2474 4181; x_wconf 79' lang='lat' dir='ltr'><strong>substantivisch,</strong></span> <span class='ocrx_word' id='word_1_398' title='bbox 2529 4113 2636 4168; x_wconf 85' lang='lat' dir='ltr'><strong>wie</strong></span> 
     </span>
     <span class='ocr_line' id='line_1_65' title="bbox 1510 4183 2634 4252; baseline -0.001 -12"><span class='ocrx_word' id='word_1_399' title='bbox 1510 4203 1662 4240; x_wconf 78' lang='lat' dir='ltr'><strong>vana</strong></span> <span class='ocrx_word' id='word_1_400' title='bbox 1711 4192 1764 4241; x_wconf 83' lang='lat' dir='ltr'><strong>et</strong></span> <span class='ocrx_word' id='word_1_401' title='bbox 1811 4186 2015 4241; x_wconf 72' lang='lat' dir='ltr'><strong>inania</strong></span> <span class='ocrx_word' id='word_1_402' title='bbox 2066 4192 2113 4240; x_wconf 87' lang='grc'><strong>’1.</strong></span> <span class='ocrx_word' id='word_1_403' title='bbox 2154 4192 2238 4240; x_wconf 93' lang='grc'><strong>11.</strong></span> <span class='ocrx_word' id='word_1_404' title='bbox 2277 4188 2372 4249; x_wconf 78' lang='lat'><strong>26;</strong></span> <span class='ocrx_word' id='word_1_405' title='bbox 2429 4183 2540 4238; x_wconf 84' lang='lat' dir='ltr'><strong>Cic.</strong></span> <span class='ocrx_word' id='word_1_406' title='bbox 2579 4200 2634 4252; x_wconf 88' lang='lat' dir='ltr'><strong>p.</strong></span> 
     </span>
     <span class='ocr_line' id='line_1_66' title="bbox 1513 4254 2638 4324; baseline -0.003 -12"><span class='ocrx_word' id='word_1_407' title='bbox 1513 4259 1704 4313; x_wconf 84' lang='lat' dir='ltr'><strong>Plane.</strong></span> <span class='ocrx_word' id='word_1_408' title='bbox 1739 4263 1870 4320; x_wconf 67' lang='lat'><strong>1013</strong></span> <span class='ocrx_word' id='word_1_409' title='bbox 1897 4258 2045 4312; x_wconf 88' lang='lat' dir='ltr'><strong>doch</strong></span> <span class='ocrx_word' id='word_1_410' title='bbox 2072 4255 2152 4310; x_wconf 86' lang='lat' dir='ltr'><strong>ist</strong></span> <span class='ocrx_word' id='word_1_411' title='bbox 2175 4256 2322 4311; x_wconf 89' lang='lat' dir='ltr'><strong>auch</strong></span> <span class='ocrx_word' id='word_1_412' title='bbox 2350 4254 2442 4310; x_wconf 87' lang='lat' dir='ltr'><strong>die</strong></span> <span class='ocrx_word' id='word_1_413' title='bbox 2469 4273 2638 4324; x_wconf 78' lang='lat' dir='ltr'><strong>zeug-</strong></span> 
     </span>
     <span class='ocr_line' id='line_1_67' title="bbox 1512 4325 2639 4397; baseline -0.001 -14"><span class='ocrx_word' id='word_1_414' title='bbox 1512 4329 1790 4383; x_wconf 84' lang='lat' dir='ltr'><strong>matische</strong></span> <span class='ocrx_word' id='word_1_415' title='bbox 1854 4327 2224 4397; x_wconf 83' lang='lat' dir='ltr'><strong>Verbindnng</strong></span> <span class='ocrx_word' id='word_1_416' title='bbox 2283 4325 2394 4382; x_wconf 89' lang='lat' dir='ltr'><strong>mit</strong></span> <span class='ocrx_word' id='word_1_417' title='bbox 2455 4328 2639 4382; x_wconf 74' lang='lat' dir='ltr'><strong>causis</strong></span> 
     </span>
    </p>
   </div>
   <div class='ocr_carea' id='block_1_16' title="bbox 2097 3759 2635 3831">
    <p class='ocr_par' dir='ltr' id='par_1_18' title="bbox 2097 3759 2635 3831">
     <span class='ocr_line' id='line_1_68' title="bbox 2097 3759 2635 3831; baseline -0.004 -15"><span class='ocrx_word' id='word_1_418' title='bbox 2097 3761 2212 3817; x_wconf 87' lang='lat' dir='ltr'><strong>Der</strong></span> <span class='ocrx_word' id='word_1_419' title='bbox 2264 3777 2442 3831; x_wconf 80' lang='lat' dir='ltr'><strong>ganzo</strong></span> <span class='ocrx_word' id='word_1_420' title='bbox 2495 3759 2635 3814; x_wconf 74' lang='lat' dir='ltr'><strong>Zwi-</strong></span> 
     </span>
    </p>
   </div>
  </div>
 </body>
</html>
