3069 4749
21 560 45 623 i
152 564 258 629 24
281 583 668 649 quemquam
725 560 794 625 id
839 582 1094 645 capere,
1147 560 1278 625 nisi
1323 558 1645 645 genitum,
1699 560 1775 623 ut
1816 561 2137 644 regnaret.

863 128 1376 187 HISTORIARUM
1411 128 1846 185 ALEXANDRI
1882 128 1951 199 X,
1991 135 2040 184 7.
2498 128 2627 195 241

275 316 570 381 regnum.
643 294 724 359 In
770 294 998 359 eadem
1045 293 1236 359 domo
1280 291 1665 379 familiaque
1710 291 1973 377 imperii
2010 292 2183 358 vires
2218 312 2631 358 remansuras
2674 303 2740 354 15

277 406 418 451 esse
463 384 862 470 gaudebant.
917 382 1382 447 hereditarium
1425 380 1775 465 imperium
1820 381 2093 465 stirpem
2138 382 2387 465 regiam
2432 381 2635 447 vindi·

277 478 597 557 caturam,
654 472 960 538 adsuetos
1016 492 1158 537 esse
1211 491 1450 535 nomen
1504 470 1723 554 ipsum
1776 470 1991 536 colere
2048 470 2467 645 veneriagiique
2484 491 2637 625 Pnec

2330 564 2439 625 tur
2540 580 2635 625 er·
2676 570 2741 620 16

275 652 465 717 dicca
512 651 785 717 territus
831 649 1156 732 conclave,
1210 648 1282 713 in
1329 669 1456 732 quo
1501 646 1863 719 Alexandri
1908 670 2141 733 corpus
2184 648 2636 731 16661161,οΒ-

279 740 484 807 serari
545 741 749 807 iubet.
847 755 941 803 Dc·
997 758 1146 803 cum
1209 737 1354 820 ipso
1421 739 1608 802 erant
1671 738 2003 819 spectatae
2065 737 2355 821 virtutiS‚
2421 736 2635 802 Ptole·

276 850 502 894 maeus
567 845 822 913 quaque
887 848 956 891 se
1020 825 1400 891 adiunxerat
1473 824 1533 890 ei
1596 846 2074 911 puerorumque
2134 826 2319 910 regia
2384 826 2637 891 cohors.

269 916 582 983 Ceterum
644 916 821 981 haud
885 914 1234 980 difficulter
1299 936 1341 978 a
1383 917 1488 981 tot
1552 914 1819 979 milibus
1884 917 2285 980 armatorum
2352 916 2637 981 claustra
2675 926 2740 976 1'1

273 1006 604 1090 perfracta
657 1007 826 1071 sunt.
915 1004 1008 1069 Et
1060 1024 1174 1068 rex
1235 1022 1492 1088 quoque
1546 1003 1883 1086 inruperat
1936 1004 2219 1087 stipatus
2276 1004 2637 1071 satellitum

263 1095 494 1178 turba,
569 1114 844 1197 quorum
907 1094 1210 1176 princeps
1276 1090 1610 1176 Meleager
1670 1096 1821 1157 erat.
1920 1089 2263 1177 Iratusque
2326 1090 2635 1158 Perdicca
2674 1104 2739 1154 18

269 1182 422 1267 hos,
475 1182 590 1267 qui
645 1181 998 1247 Alexandri
1047 1202 1280 1284 corpus
1327 1181 1499 1246 tueri
1543 1180 1815 1263 vellent,
1860 1184 2153 1247 sevocatz
2208 1180 2339 1265 sed,
2367 1180 2499 1265 qui
2542 1182 2636 1246 in-

267 1275 612 1355 ruperant,
661 1271 912 1335 eminus
959 1270 1094 1335 tela
1136 1269 1207 1334 in
1251 1270 1466 1353 ipsum
1511 1268 1852 1335 iaciebant.
1938 1267 2297 1355 Multisque
2344 1270 2637 1335 vulnera·

270 1360 364 1425 tis
409 1360 674 1425 tandem
723 1360 1012 1425 seniores
1060 1358 1342 1442 demptis
1384 1358 1622 1444 galeis,
1668 1379 1797 1443 quo
1832 1356 2093 1425 facilius
2128 1359 2312 1426 nosci
2347 1363 2637 1444 possent,

269 1449 523 1531 precari
581 1469 721 1532 606,
775 1449 888 1533 qui
941 1469 1091 1513 cum
1143 1447 1452 1513 Perdicca
1498 1450 1712 1532 erant,
1773 1468 2083 1532 coepere,
2121 1451 2199 1513 ut
2244 1448 2637 1514 absisterent

271 1538 448 1602 bello
491 1537 762 1621 regique
809 1542 878 1601 et
920 1536 1220 1620 pluribus
1267 1536 1587 1601 cederent.
1659 1535 1923 1601 Primus
1962 1536 2269 1603 Perdicca
2307 1558 2490 1601 arma
2522 1536 2629 1603 de·
2674 1550 2738 1599 19

277 1625 504 1709 posuit
549 1626 875 1710 ceterique
923 1624 1096 1690 idem
1139 1624 1368 1691 fecere.
1435 1622 1790 1711 Meleagro.
1821 1625 2049 1690 deinde
2095 1626 2432 1709 suadente,
2476 1646 2559 1691 ne
2596 1648 2639 1690 a

273 1733 549 1798 corpore
607 1714 967 1779 Alexandri
1013 1713 1441 1798 discederent,
1498 1714 1751 1779 insidiis
1798 1714 2013 1781 locum
2062 1715 2287 1799 quaeri
2341 1714 2498 1799 rati,
2542 1714 2638 1779 di-

277 1822 470 1867 versa
506 1803 728 1887 regiae
773 1808 960 1888 parte
999 1802 1083 1867 ad
1127 1802 1512 1887 Euphraten
1556 1802 1781 1887 fugam
1820 1803 2186 1868 intendunt.
2256 1802 2635 1889 Equitatus,
2676 1818 2747 1868 2ο

275 1890 392 1973 qui
436 1912 515 1956 ex
560 1890 980 1958 nobilissimis
1035 1892 1342 1956 iuvenum
1389 1892 1760 1976 constabat,
1813 1891 2189 1957 Perdiccam
2236 1896 2303 1957 et
2346 1892 2638 1958 Leonna-

273 1981 419 2043 tum
463 1978 766 2064 frequens
813 1980 1205 2065 sequebatur
1247 1980 1675 2064 placebatque
1722 1980 2027 2045 excedere
2070 1981 2231 2045 urbe
2272 1985 2337 2047 et
2372 1981 2634 2047 tendere

277 2066 348 2131 in
403 2070 680 2151 campis.
759 2066 887 2135 Sed
931 2068 1241 2135 Perdicca
1297 2089 1381 2133 ne
1426 2068 1679 2152 pedites
1732 2068 1993 2155 quidem
2038 2072 2373 2135 secuturos
2418 2070 2635 2154 ipsum
2672 2085 2741 2135 21

269 2155 690 2239 desperabat:
752 2158 1002 2243 itaque,
1056 2179 1140 2223 ne
1197 2156 1572 2223 abducendo
1628 2158 1881 2242 equites
1942 2158 2281 2243 abrupisse
2336 2182 2377 2225 a
2422 2163 2639 2226 cetero

279 2245 569 2310 exercitu
615 2245 968 2330 videretur,
1015 2246 1086 2312 in
1131 2246 1294 2311 urbe
1341 2246 1658 2311 subsistit.

1270 2387 1430 2454 CAP.
1477 2387 1657 2454 VIII.

457 2497 550 2559 At
583 2491 911 2580 Meleager
955 2515 1182 2581 regem
1226 2515 1491 2560 monere
1536 2515 1673 2559 non
1718 2483 1998 2578 destitit,
2044 2493 2146 2560 ius
2192 2495 2451 2580 imperii
2486 2495 2635 2563 Per·
2674 2515 2703 2564 1

281 2580 501 2646 diccae
546 2587 756 2647 morte
803 2583 1218 2648 sanciendum
1265 2605 1436 2650 esse:
1495 2583 1567 2647 ni
1612 2586 1963 2668 occupetur
2018 2582 2318 2668 inpotens
2367 2585 2639 2671 animus,

157 2494 259 2560 25

353 2741 438 2791 15.
473 2738 750 2806 imperii
782 2739 986 2804 vires,
1024 2757 1068 2793 s.
1099 2745 1148 2793 6.
1177 2743 1209 2792 5
1247 2741 1405 2824 reym'
1509 2755 1639 2809 req.

275 2808 599 2878 imperiiqtoe
649 2809 810 2865 vrb-ee.
856 2837 923 2850 --
967 2810 1248 2878 stirpem
1295 2810 1404 2865 wie

1662 2744 1891 2808 parte,
1922 2740 2023 2794 der
2042 2740 2280 2796 Ablativ
2308 2741 2415 2796 wie
2442 2741 2503 2796 in
2528 2742 2639 2800 den

1512 2809 1839 2865 Verbindun
1880 2827 1952 2866 en
2004 2812 2223 2868 diversa
2274 2813 2393 2880 via,
2456 2814 2640 2870 codem

275 2883 310 2946 g
363 2884 430 2932 10
477 2897 531 2934 u.
582 2885 648 2934 12
689 2904 758 2926 ==
793 2879 1294 2978 Abkommling.
1333 2911 1406 2922 --
1510 2882 1709 2937 itinere
1752 2899 1829 2937 un
1920 2881 2097 2952 dergl.
2180 2883 2296 2938 Der
2338 2854 2493 2940 lz'ath
2539 2884 2637 2940 des

277 2949 810 3006 vindicaturam.
885 2949 1047 3006 Sinn-
1093 2950 1301 3006 werde
1337 2970 1406 3006 ιιι
1511 2952 1800 3034 Meleager
1843 2952 1980 3022 ging
2028 2951 2226 3020 dahiu,
2281 2970 2417 3008 man
2468 2960 2637 3038 muge

277 3019 622 3090 behaupten,
642 3021 764 3076 sich
783 3037 852 3076 ιιι
863 3021 1084 3078 sichem
1101 3021 1402 3078 wissen’.
1513 3023 1663 3078 doch
1692 3023 2011 3105 einmfithig
2043 3022 2385 3080 beisammen
2412 3024 2640 3081 bleiben

281 3105 611 3148 —nomen
641 3093 885 3162 ipsum,
921 3092 1406 3176 wieaomenquo-
1512 3094 1631 3148 und
1692 3093 1785 3149 die
1848 3094 2291 3151 Leichenwache
2350 3095 2445 3152 bei
2506 3096 2637 3152 dem

274 3179 383 3244 que
401 3163 933 3220 5.10.2.(Ξ16111611111
949 3163 1029 3220 ist
1051 3164 1153 3220 der
1169 3164 1408 3236 Konigs-

275 3231 538 3288 1111161-
585 3249 822 3304 capere
876 3252 918 3292 s.
970 3254 1023 3291 v.
1071 3251 1122 3290 a.
1177 3236 1409 3306 diqmom

271 3320 388 3359 6366
429 3305 529 3374 qm·
569 3311 755 3361 swmat
791 3307 1190 3376 (s.4.1.10)‚
1235 3312 1406 3376 yerat.

279 3375 410 3444 Vgl.
447 3377 702 3445 capiebat
739 3382 787 3431 5.
824 3383 910 3432 36.

353 3451 436 3500 16.
447 3453 792 3515 spectatae
816 3448 1408 3520 virtutisabhangig

280 3531 412 3570 vom
449 3519 772 3602 numerale,
817 3519 933 3589 vgl.
981 3525 1031 3574 3.
1069 3525 1104 3574 6
1147 3519 1244 3574 ille
1277 3535 1406 3590 per-

275 3587 488 3641 vicacis
519 3589 714 3644 aniani.

354 3657 876 3730 18.1ratusque;
919 3675 1022 3730 que
1058 3683 1128 3706 τι
1165 3660 1402 3717 sofort.

182 3731 192 3738 ‘
277 3726 500 3782 Ebenso
555 3733 818 3801 ceterique
860 3737 892 3797 ἓ
941 3737 1036 3798 193
1089 3733 1204 3802 vgl.
1255 3733 1403 3788 auch

274 3803 574 3868 8.11.8;
629 3805 680 3855 8.
730 3809 812 3860 13.
859 3807 946 3857 27.
994 3833 1062 3842 --
1110 3809 1404 3871 sevocat,

275 3869 534 3925 namlioh
559 3886 672 3928 von
707 3873 808 3928 der
834 3873 1050 3944 Thur-e,
1085 3889 1163 3930 an
1196 3874 1297 3930 der
1321 3875 1404 3930 sie

275 3939 402 3995 sich
448 3941 776 4013 ausgestellt
817 3915 1050 4012 hatten,
1089 3944 1236 4001 nach
1273 3945 1404 4000 dem

278 4009 490 4096 Iunci-n
515 4012 617 4068 des
647 4013 858 4071 Saales
881 4046 948 4056 --
968 4017 1166 4083 bello,
1191 4017 1404 4072 fibera-

278 4080 978 4172 ‘Peindseligke‘iten’
985 4057 1279 4156 ,pem-'ibus
1298 4087 1382 4144 d.·
1363 4105 1400 4142 1.

274 4157 400 4216 τοῖς
432 4151 654 4226 πλέοσι,
689 4157 798 4211 wie
835 4157 982 4212 oben
1015 4163 1068 4240 2:
1105 4165 1200 4214 25.-

353 4229 438 4280 19.
474 4227 684 4282 locam
719 4230 975 4312 quaeri·
993 4228 1102 4284 wie
1138 4229 1223 4284 oft
1255 4245 1402 4284 aan-

277 4294 438 4361 cisci,
481 4297 616 4352 dare
659 4297 838 4354 locam
889 4301 990 4354 rei.
1027 4329 1093 4342 -
1129 4301 1403 4356 diversa

395 4392 566 4434 vocar.
579 4394 670 4448 ‚.Q
699 4396 900 4440 curtius.
926 4397 992 4440 Π.

1514 3165 1748 3248 Konige·
1782 3165 1993 3220 halten.
2032 3195 2101 3206 --
2136 3167 2507 3223 intendant
2547 3168 2637 3234 fu—

1513 3235 2131 3308 yamwie3.11.18·
2173 3243 2600 3295 4.1.12ιι.ὅ.

1586 3313 1673 3362 20.
1702 3307 2095 3390 Eguitatue.
2158 3307 2373 3366 Diodor
2407 3309 2636 3379 spricht‚

1515 3377 1700 3434 sic-her
1732 3377 2029 3449 richtiger‚
2072 3396 2179 3433 nur
2218 3395 2332 3436 von
2380 3379 2481 3434 der
2522 3397 2637 3436 ma·

1515 3448 1888 3504 cedonischen
1946 3450 2231 3506 berittnen
2282 3451 2543 3520 Nobelga
2542 3451 2639 3506 rde

1511 3515 1753 3644 gratem
1772 3517 2003 3590 ἱππεῖς).
2020 3521 2163 3576 Dass
2172 3521 2293 3576 sich
2306 3521 2641 3578 einander-er

1561 3589 1677 3646 heil
1712 3590 1813 3645 der
1836 3593 2040 3662 equites
2074 3592 2205 3648 dem
2228 3593 2513 3663 Meleager
2541 3610 2639 3649 an-

1511 3607 1939 3732 geschlossen
1903 3663 2089 3732 hatte,
2126 3663 2335 3719 erhellt
2366 3680 2465 3718 aus
2503 3669 2554 3721 8.
2589 3671 2637 3720 7.

1582 3738 1668 3788 21.
1700 3733 2082 3804 abrupisse,
2108 3735 2277 3790 1161111.
2298 3751 2401 3790 eos.
2440 3735 2640 3791 Scab-

1509 3805 1727 3873 raptiss.
1740 3809 1825 3860 11.
1836 3809 1899 3872 ὃς
1918 3806 2507 3876 divellietabrumpia
2521 3811 2570 3862 5.
2584 3813 2638 3862 8.

1508 3875 1821 3946 Uebrigens
1838 3876 2087 3958 geschah
2106 3877 2265 3946 alles,
2284 3893 2401 3932 was
2416 3883 2638 3934 6.1·-7.

1509 3951 1582 4002 20
1618 3946 1837 4002 erzahlt
1870 3945 2039 4017 wird,
2084 3961 2159 4002 an
2206 3947 2425 4004 einem
2463 3948 2634 4019 Tage.

1912 4061 2039 4118 Car.
2084 4061 2235 4118 VIII.

1586 4165 1633 4214 1.
1705 4159 2157 4215 sanciendam.
2266 4161 2635 4218 Uebersetze:

1512 4230 1619 4285 (661
1662 4249 1731 4285 ιιι
1775 4228 2092 4301 besiegeln,
2150 4249 2219 4286 ιιι
2264 4230 2531 4288 sichem'.
2568 4263 2639 4276 -·

1505 4301 1849 4370 inpotem,
1895 4301 2043 4356 hier=
2084 4303 2324 4360 masslos
2356 4304 2419 4360 in
2456 4304 2641 4361 seiner

2144 4397 2209 4448 16
