3069 4749
431 159 562 224 136
1336 161 1401 223 Q.
1440 124 1660 211 cmm
1691 158 1868 211 RUFI

434 321 748 407 Aegyptii
792 342 948 385 vero
994 318 1243 383 maiora
1301 318 1656 385 iactabant.
1744 317 1872 384 Sed
1917 318 2148 403 ingens
2197 318 2428 403 cupido
2489 320 2782 387 animum

432 410 818 485 stimulabat
872 408 1150 473 adeundi
1193 407 1443 491 Iovem,
1496 430 1689 493 quem
1745 408 2001 492 generis
2058 408 2159 472 sui
2213 410 2539 473 auctorem
2602 410 2780 476 haud

432 502 797 565 contentus
822 497 1089 563 mortali
1132 496 1403 581 fastigio
1454 499 1570 562 aut
1617 498 1924 562 credebat
1958 518 2100 561 esse
2136 499 2251 560 aut
2287 496 2460 569 credi
2496 498 2777 567 volebat.

362 608 394 657 9
432 587 612 672 Ergo
659 609 804 653 cum
850 587 951 663 iis,
999 607 1161 669 quos
1207 585 1436 650 ducere
1482 606 1696 651 secum
1739 588 2080 669 statuerat,
2123 584 2404 650 secundo
2438 607 2628 651 amne
2667 588 2774 663 de,-
2797 590 2892 654 30

434 675 684 741 scendit
752 674 834 740 ad
886 673 1213 740 Mareotin
1266 673 1589 759 paludem.
1677 672 1779 739 Eo
1835 674 2039 759 legati
2087 671 2553 758 Cyrenensium
2609 676 2780 742 dona

433 765 741 848 attulere,
794 784 1021 848 pacem
1078 766 1145 827 et
1188 766 1265 829 ut
1312 762 1523 827 adiret
1575 765 1770 829 urbes
1821 784 1972 827 suas
2027 764 2340 865 petentes.
2424 761 2548 827 Ille
2593 764 2780 831 donis

329 874 396 923 ιο
436 852 717 936 acceptis
777 852 1191 937 amicitiaque
1244 852 1590 917 coniuncta
1657 852 1982 917 destinata
2049 850 2275 935 exequi
2345 852 2569 936 pergit.
2677 852 2781 919 Ac

434 943 645 1025 primo
702 940 959 1026 quidem
1018 944 1086 1005 et
1130 943 1435 1026 sequente
1482 940 1584 1005 die
1629 940 1990 1005 tolerabilis
2044 940 2231 1004 labor
2273 938 2452 1003 visus
2488 942 2778 1007 nondum

436 1034 577 1095 tam
621 1030 827 1095 vastis
872 1030 1190 1113 nudisque
1238 1028 1697 1093 solitudinibus
1745 1029 1966 1112 aditis,
2021 1028 2152 1093 iam
2199 1030 2420 1093 tamen
2465 1029 2664 1094 sterili
2711 1034 2782 1096 et

332 1140 398 1190 11
439 1118 795 1183 emoriente
831 1122 1026 1183 terra.
1086 1116 1214 1182 Sed
1248 1121 1323 1181 ut
1360 1138 1668 1201 aperuere
1715 1140 1784 1183 ne
1830 1117 2045 1200 campi
2091 1118 2222 1181 alto
2268 1116 2482 1181 obruti
2527 1118 2776 1205 sabu10,

436 1207 613 1273 haud
659 1227 841 1271 secus
881 1224 1075 1291 quam
1112 1206 1505 1290 profundum
1544 1228 1787 1291 aequor
1829 1206 2110 1290 ingressi
2152 1208 2393 1269 terram
2439 1206 2631 1272 oculis
2677 1230 2778 1273 re·

335 1318 399 1369 12
441 1296 801 1381 quirebant.
846 1293 1049 1361 Nulla
1086 1296 1301 1374 arbor,
1344 1295 1595 1360 nullum
1635 1296 1792 1359 culti
1839 1295 1966 1359 soli
2001 1296 2381 1359 occurrebat
2417 1296 2776 1381 vestigium.

437 1386 630 1469 Aqua
684 1385 883 1449 etiam
942 1383 1293 1467 defecerat,
1357 1406 1552 1468 quam
1611 1384 1864 1448 utribus
1921 1382 2157 1447 cameli
2210 1386 2534 1467 vexerant,
2593 1388 2660 1449 et
2703 1386 2775 1449 in

331 1497 397 1546 13
438 1474 619 1537 arido
668 1474 809 1539 solo
866 1494 942 1537 ac
994 1472 1243 1537 fervido
1302 1472 1531 1538 sabulo
1592 1472 1775 1537 nulla
1828 1474 1986 1535 erat.
2075 1470 2180 1535 Ad
2231 1470 2359 1536 hoc
2415 1472 2510 1537 sol
2556 1474 2777 1538 omnia

434 1562 813 1627 incenderat
858 1562 1155 1645 siccaque
1202 1564 1271 1626 et
1315 1560 1550 1625 adusta
1593 1564 1782 1625 erant
1824 1582 1970 1645 ora,
2014 1581 2162 1625 cum
2205 1563 2470 1643 repente
2503 1596 2585 1610 --
2636 1561 2777 1627 sive

434 1651 599 1716 illud
646 1651 915 1715 deorum
967 1671 1201 1714 munus
1258 1650 1395 1714 sive
1448 1670 1638 1715 casus
1691 1649 1818 1714 fuit
1863 1686 1948 1697 -
1995 1648 2314 1714 obductae
2359 1649 2524 1720 caelo
2567 1651 2774 1716 nubes

438 1739 783 1804 condidere
830 1739 1051 1823 solem,
1095 1738 1329 1825 ingens
1376 1742 1564 1803 aestu
1607 1737 1919 1820 fatigatis,
1963 1737 2220 1802 etiamsi
2267 1758 2437 1821 aqua
2473 1738 2776 1824 deficeret,

333 1852 402 1901 14
438 1828 769 1894 auxilium.
860 1826 1210 1893 Enimvero
1264 1830 1340 1891 ut
1393 1827 1650 1929 largum
1708 1849 1960 1913 quoque
2024 1827 2298 1891 imbrem
2365 1833 2777 1895 excusemnt

437 1918 787 2003 procellae,
840 1938 960 2019 pro
1007 1938 1076 1981 se
1120 1916 1395 2001 quisque
1441 1917 1736 2001 excipere
1791 1938 1958 2001 eum,
2014 1917 2278 2000 quidam
2325 1914 2410 1979 ob
2459 1914 2622 1984 sitim
2674 1917 2773 1982 in-

333 2030 401 2079 15
437 2009 738 2090 potentes
780 2006 878 2070 sui
917 2026 1027 2069 ore
1064 2027 1320 2090 quoque
1357 2005 1568 2070 hianti
1604 2008 1866 2089 captare
1913 2006 2278 2089 coeperunt.
2349 2002 2772 2079 Quadriduum

438 2116 555 2180 per
608 2098 827 2159 vastas
884 2093 1271 2158 solitudines
1320 2093 1746 2177 absumptum
1803 2096 1922 2158 est.
2009 2092 2275 2177 Iamque
2329 2092 2504 2155 haud
2559 2094 2773 2175 p'ocul

442 2183 691 2247 oraculi
746 2181 895 2247 sede
952 2181 1247 2265 aberant,
1314 2203 1461 2246 cum
1507 2181 1846 2263 conplures
1893 2181 2071 2245 corvi
2115 2179 2362 2263 agmini
2415 2187 2772 2249 occununt.

439 2271 693 2336 modico
740 2270 965 2333 volatu
1008 2270 1223 2351 prima
1270 2270 1463 2353 signa
1508 2268 1956 2333 antecedentes
2005 2271 2124 2347 [et]
2168 2267 2359 2332 modo
2405 2267 2588 2331 humi
2615 2272 2774 2337 resi-

442 2359 703 2441 debant,
750 2379 896 2422 cum
930 2356 1175 2420 lentius
1214 2377 1451 2441 agmen
1488 2356 1831 2440 incederet,
1877 2356 2070 2421 modo
2111 2377 2180 2420 se
2216 2356 2448 2440 pennis
2485 2356 2775 2427 levavant

337 2471 403 2522 16
441 2447 810 2514 ducentium
856 2446 1107 2530 iterque
1154 2445 1660 2510 monstrantium
1705 2447 1854 2508 ritu.
1916 2444 2203 2509 Tandem
2250 2445 2329 2508 ad
2377 2445 2594 2510 sedem
2641 2468 2770 2515 «on-
2793 2449 2879 2515 31

444 2539 764 2601 secratam
811 2533 929 2598 deo
975 2536 1245 2598 ventum
1291 2537 1407 2598 est.
1495 2533 1876 2598 Incredibile
1925 2533 2119 2616 dictu,
2163 2533 2335 2599 inter
2379 2538 2598 2598 vastas
2647 2539 2774 2605 sili·

442 2625 703 2690 tudines
740 2624 868 2688 sita
902 2621 1189 2706 undique
1228 2623 1666 2688 ambientibus
1704 2621 1902 2686 ramis
1941 2621 2048 2686 vix
2083 2623 2152 2686 in
2190 2622 2458 2686 densam
2494 2623 2774 2693 umbram

446 2713 713 2780 cadente
752 2711 890 2777 sole
928 2715 1225 2777 contecta
1263 2713 1379 2797 est,
1415 2711 1738 2796 multique
1771 2710 1985 2776 fontes
2015 2711 2306 2775 dulcibus
2337 2711 2523 2796 aquis
2551 2715 2774 2796 passim

343 2826 409 2876 17
446 2801 867 2868 manantibus
916 2801 1101 2866 alunt
1148 2801 1364 2867 silvas.
1448 2798 1629 2866 Caeli
1674 2821 1932 2904 quoque
1977 2799 2144 2865 mira
2187 2801 2552 2886 temperieS‚
2596 2820 2774 2876 veno

446 2892 658 2976 tepori
703 2889 983 2954 maxime
1026 2889 1279 2972 similis,
1326 2911 1550 2955 omnes
1597 2890 1751 2954 anni
1790 2894 2012 2976 partes
2050 2890 2196 2974 pari
2233 2889 2620 2955 salubritate
2653 2909 2774 2973 pa·-

518 3053 571 3102 8.
598 3046 1089 3102 iactabantdj.
1120 3046 1570 3100 cumiactatione
1675 3051 1874 3112 cere-,t
1919 3045 2042 3100 hier
2089 3045 2345 3142 ziemlich
2393 3062 2434 3101 s.
2473 3063 2526 3100 v.
2564 3061 2614 3100 a
2653 3043 2774 3110 def«-

445 3119 765 3185 referebant.
808 3147 878 3158 —
916 3117 1238 3172 credebat.
1278 3115 1568 3185 Olympias
1673 3117 1846 3172 cisset.

448 3188 627 3244 selbst
652 3191 813 3244 hatte
836 3188 939 3242 das
969 3187 1220 3242 Gerticht
1244 3187 1570 3254 verbi-citet,
1747 3191 1834 3240 14.
1908 3186 2257 3240 enimvero.
2333 3183 2496 3237 Sinn.
2550 3180 2784 3240 Frcilicl

448 3259 607 3316 Alex.
646 3259 729 3314 sei
756 3259 853 3314 der
884 3257 1039 3313 Sohn
1068 3257 1220 3312 eines
1248 3256 1568 3328 gottlichen
1675 3257 1758 3312 als
1786 3257 2040 3311 vollends
2061 3295 2074 3308 .
2096 3297 2137 3323 .‚
2168 3254 2244 3309 da
2269 3254 2462 3308 wurde
2488 3252 2610 3306 ihre
2639 3251 2798 3322 Lage

414 3330 709 3398 ·Wescns,
756 3330 859 3383 das
902 3328 994 3383 ihr
1037 3326 1099 3382 in
1146 3328 1369 3382 Gestalt
1412 3327 1570 3383 einer
1672 3328 1819 3382 noch
1905 3326 2170 3395 (instiget.
2221 3355 2289 3367 —--
2343 3329 2797 3380 excusserunt

451 3401 731 3470 Schlange
752 3399 1079 3455 erschienen
1097 3399 1203 3466 sei3
1190 3399 1365 3453 ·nach
1383 3398 1568 3454 einem
1673 3399 1780 3453 wie
1816 3414 1844 3453 e
1887 3398 2092 3452 undere
2127 3399 2494 3451 8.13.7.-
2531 3395 2794 3465 hianti,

451 3471 725 3540 Orakelsp
728 3471 865 3525 ruch
911 3471 1073 3525 hatte
1110 3487 1245 3524 man
1282 3469 1435 3524 diese
1473 3467 1575 3524 auf
1679 3470 1792 3540 vgl.
1832 3469 1923 3524 die
1961 3467 2224 3522 ahnliche
2263 3465 2438 3521 Stelle
2478 3471 2562 3522 16.
2603 3471 2686 3521 12.

451 3543 560 3597 den
596 3543 791 3612 agypt.
822 3543 1062 3595 Ammon
1099 3541 1383 3611 gedeutet,
1418 3539 1571 3595 Plut.
1753 3545 1836 3595 15.
1879 3539 2352 3608 quadriduum.
2400 3536 2506 3592 Die
2535 3537 2682 3593 Oase
2709 3536 2794 3592 Si-

452 3612 611 3668 Alex.
648 3618 682 3667 2
720 3629 773 3666 ιι.
812 3619 863 3666 3.
1679 3612 1809 3667 wah
1837 3609 1942 3698 (Si-
1945 3611 2094 3679 Uah)
2120 3609 2266 3678 liegt
2291 3608 2390 3663 29⁰
2411 3604 2494 3663 12'
2517 3627 2570 3662 ιι.
2591 3607 2798 3676 Breite‚

524 3690 575 3739 9.
613 3683 987 3751 descendit,
1024 3699 1242 3753 ungew.
1272 3683 1363 3737 fi‘ir
1390 3685 1571 3738 devec-
1679 3683 1778 3736 43⁰
1815 3678 1898 3736 ὅθ’
1939 3682 2067 3736 6stl.
2106 3679 2316 3749 Lange,
2360 3680 2412 3734 d.
2453 3680 2508 3736 h.
2548 3684 2580 3734 5
2618 3680 2800 3749 Tage-

452 3759 655 3810 tus'·est
692 3761 741 3809 9.
770 3759 819 3810 8.
850 3759 901 3821 3,
938 3755 1172 3822 defluxit
1206 3763 1255 3810 4.
1278 3761 1327 3810 8.
1352 3760 1401 3809 7.
1438 3752 1570 3822 vgl.
1678 3753 1864 3808 reisen
1900 3751 2119 3806 ειιάΙίοΙι
2156 3768 2267 3806 von
2303 3751 2404 3806 der
2429 3749 2804 3806 Kfistenstadt

451 3843 603 3882 mare
638 3827 910 3881 descendit
944 3826 1009 3878 in
1044 3841 1262 3894 campos
1303 3830 1443 3881 9.9.
1486 3829 1570 3879 10.
1678 3823 2094 3879 Paraetonium.

527 3904 611 3953 10.
686 3897 1061 3961 emoriente,
1117 3896 1224 3950 wie
1280 3901 1329 3950 9.
1380 3901 1433 3949 4.
1482 3900 1566 3950 18.
1751 3900 1836 3948 16.
1873 3895 2086 3949 ramis
2119 3911 2186 3947 zu
2215 3895 2367 3949 verb.
2398 3893 2508 3947 mit
2542 3895 2798 3946 contecta.

453 3969 581 4039 Vgl.
619 3969 912 4024 membrum
948 3936 1211 4022 emdritur
1236 3967 1328 4021 bei
1357 3965 1570 4020 Celsus.
1679 3995 1746 4008 -
1774 3967 1876 4020 sol
1903 3965 2350 4048 (Sonnenstrahl‚
2379 3963 2620 4030 -schein)
2647 3962 2799 4016 cadit

529 4046 612 4096 11.
650 4053 971 4108 aperuere
1004 4054 1107 4104 se,-
1131 4055 1171 4091 s.
1210 4037 1275 4091 E
1314 4043 1397 4091 36.
1453 4035 1571 4092 Das
1678 4037 1984 4105 inlocum,
2030 4036 2138 4090 wie
2171 4037 2371 4091 umbra
2405 4034 2556 4089 cadit
2591 4033 2801 4101 aliquo,

452 4111 554 4165 Fol
559 4111 741 4180 gendo
802 4109 1021 4166 stimmt
1075 4078 1195 4162 ’fast
1256 4107 1423 4162 Wort
1480 4108 1574 4162 fur
1677 4108 1757 4162 ist
1791 4111 1942 4178 poet.
1979 4127 2034 4162 u.
2071 4107 2188 4161 nkl.
2227 4137 2292 4148 —
2330 4105 2800 4171 manantibus,

455 4181 621 4236 Wort
655 4181 763 4236 mit
797 4180 959 4235 Diod.
1002 4185 1084 4236 17.
1123 4184 1193 4234 49
1232 4179 1480 4234 fiberein.
1682 4180 1792 4235 abl.
1843 4179 2018 4235 absol.
2067 4177 2173 4234 wie
2219 4183 2268 4231 3.
2308 4182 2358 4230 4.
2402 4181 2435 4231 8
2481 4194 2536 4230 u.
2584 4180 2669 4229 12.
2744 4174 2798 4228 S.

530 4257 612 4305 13.
650 4253 831 4307 sicca
866 4257 923 4306 ct
958 4253 1231 4316 adusta,
1271 4250 1574 4304 ‘brannten
1679 4249 1745 4306 Ε.
1785 4257 1906 4306 128.

456 4336 512 4372 ιι.
548 4337 736 4376 waren
771 4322 1228 4392 ausgetrocknet’
1236 4363 1249 4377 .
1288 4351 1356 4362 -
1402 4322 1843 4388 defi-17.
1908 4320 2263 4390 temperies
2313 4318 2487 4374 caeli
2535 4315 2804 4386 ‘Tempe-
