3069 4749
178 559 258 622 19

842 124 1355 183 HISTORIARUM
1392 124 1828 181 ALEXANDRI
1866 127 1988 198 VII,
2026 135 2075 183 4.

2556 129 2637 195 73

277 292 509 376 Itaque
554 288 894 355 Bactriani
947 290 1197 374 equites
1250 311 1378 354 xxx
1424 288 1608 353 milia
1662 289 2092 374 expleverant.
2181 292 2338 375 Ipsa
2380 290 2642 377 Bactra,
2680 314 2746 363 31

278 378 569 466 regionis
606 378 767 445 eius·
796 381 1017 463 caput,
1064 378 1194 443 sita
1231 380 1386 443 sunt
1431 377 1552 443 sub
1591 382 1814 443 monte
1849 378 2294 465 Parapamiso.

2368 379 2642 447 Bactrus

280 470 493 535 amnis
539 468 856 552 praeterit
899 466 1175 533 moenia.
1254 466 1321 533 Is
1366 466 1516 532 urbi
1565 470 1632 531 et
1676 467 1926 553 regioni
1971 469 2151 535 dedit
2195 492 2449 535 nomen.

458 556 587 623 Hic
639 558 779 642 regi
834 557 1079 623 stativa
1136 555 1406 622 habenti
1464 556 1808 621 nuntiatur
1871 578 1950 623 ex
2007 556 2279 624 Graecia
2331 558 2646 644 Pelopon·
2684 580 2752 630 32

281 648 615 713 nesiorum
668 645 1125 731 Laconumque
1180 646 1459 711 defectio
1518 681 1597 691 -—
1657 645 1948 711 nondum
2003 647 2176 713 enim
2230 648 2388 713 victi
2445 652 2648 733 erant,

286 759 433 801 cum
488 735 1051 820 proficiscerentur
1104 734 1427 800 tumultus
1475 734 1612 801 eius
1673 734 1995 820 principia
2038 736 2403 801 nuntiaturi
2451 772 2534 784 —
2581 743 2650 802 et

287 825 458 891 alius
528 846 835 909 praesens
898 828 1108 889 terror
1180 824 1498 908 adfertur,
1571 821 1877 907 Scythas,
1951 824 2062 909 qui
2135 827 2310 891 ultra
2372 825 2649 891 Tanaim

290 936 547 980 amnem
575 914 819 997 colunt,
856 914 1207 979 adventare
1235 911 1439 979 Besso
1468 912 1750 978 ferentes
1781 935 1990 996 opem.
2059 914 2310 979 Eodem
2337 906 2650 1000 tempore,

292 1024 456 1088 quae
508 1003 580 1068 in
637 1008 832 1088 gente
887 1002 1195 1068 Ariorum
1248 1000 1544 1069 Caranus
1605 1006 1672 1067 et
1715 1000 2030 1087 Erigyius
2089 1006 2450 1088 gesserant,
2509 1025 2650 1088 per-

288 1092 606 1157 feruntur.
670 1089 1108 1157 Commissum
1146 1094 1287 1157 erat
1322 1090 1646 1176 proelium
1682 1090 1854 1155 inter
1889 1091 2278 1158 Macedonas
2306 1091 2649 1176 Ariosque.
2686 1112 2754 1163 33

216 1241 221 1249 .
291 1180 665 1265 Transfuga
718 1178 1175 1246 Satibarzanes
1237 1180 1538 1245 barbaris
1592 1184 1914 1264 praeerat:
1984 1182 2094 1265 qui
2153 1203 2302 1247 cum
2339 1201 2648 1283 ‘pugnam

294 1289 557 1355 segnem
602 1269 927 1353 utrimque
986 1270 1208 1354 aequis
1261 1269 1515 1335 viribus
1563 1273 1738 1333 stare
1784 1267 2075 1353 vidisset,
2129 1270 2202 1334 in
2254 1270 2500 1353 primos
2547 1292 2649 1335 or-

295 1357 477 1423 dines
517 1358 923 1443 adequitavit
956 1359 1345 1444 demptaque
1384 1358 1576 1442 galea
1610 1357 1937 1443 inhibitis,
1983 1360 2095 1443 qui
2131 1360 2268 1423 tela
2301 1359 2650 1442 iaciebant,

294 1447 351 1511 si
398 1446 545 1533 quis
586 1447 835 1512 viritim
880 1446 1190 1513 dimicare
1225 1446 1454 1531 vellet,
1499 1446 1880 1530 provocavit
1917 1446 2000 1511 ad
2045 1468 2360 1531 pugnam:
2406 1409 2651 1512 nuduui

294 1556 363 1601 se
410 1539 608 1619 caput
653 1537 723 1600 in
768 1537 1120 1601 certamine
1163 1536 1560 1600 habIturum.
1631 1534 1697 1600 N
1700 1557 1786 1600 on
1829 1536 1988 1601 tulit
2030 1536 2340 1601 ferociam
2386 1536 2651 1601 barbari
2689 1558 2758 1607 34

295 1624 423 1688 dux
485 1624 661 1689 illius
728 1625 1046 1690 exercitus
1102 1624 1429 1707 Eriyyius,
1493 1623 1712 1709 gravis
1778 1624 2039 1708 quidem
2107 1628 2350 1709 aetate,
2415 1626 2527 1691 sed
2590 1629 2655 1689 et

296 1714 498 1777 animi
540 1716 605 1777 et
640 1714 932 1797 corporis
969 1713 1203 1778 robore
1239 1712 1405 1777 nulli
1449 1713 1757 1777 iuvenum
1802 1712 2274 1796 postferenduS.
2349 1712 2415 1777 Is
2463 1714 2654 1798 galea

294 1801 560 1885 dempta
623 1803 929 1867 canitiem
995 1804 1362 1882 ostentam,

1436 1800 1703 1885 ‘Venitss
1775 1800 2014 1886 inquit,
2085 1800 2273 1887 dies,
2348 1824 2475 1887 quo
2541 1805 2655 1867 aut

294 1890 569 1955 victoria
632 1896 748 1955 aut
810 1894 1021 1955 morte
1094 1853 1590 1974 honestissima,
1664 1890 1888 1973 quales
1964 1891 2206 1956 amicos
2271 1894 2339 1955 et
2411 1890 2653 1956 milites

294 1977 670 2045 Alexander
722 1980 993 2063 habeat,
1050 1978 1434 2045 ostendam'.
1524 1977 1663 2044 Nec
1717 1978 1910 2062 plura
1955 1980 2246 2045 elocutus
2305 2001 2542 2065 equum
2587 1981 2656 2045 in
2693 2001 2760 2050 35

294 2066 555 2133 hostem
618 2067 773 2152 egit.
882 2064 1193 2135 Crederes
1267 2068 1686 2152 imperatum,

1758 2070 1834 2132 ut
1897 2068 2068 2134 acies
2143 2072 2454 2153 utraeque
2526 2070 2659 2134 tela

298 2155 693 2223 cohiberent.
781 2156 1091 2221 Protinus
1140 2160 1312 2223 certe
1356 2159 1765 2222 recesserunt
1808 2156 1962 2221 dato
2007 2156 2213 2223 libero
2261 2157 2503 2241 spatio,
2559 2158 2654 2221 in-

296 2246 465 2309 tenti
526 2244 595 2309 in
650 2249 951 2310 eventum
1014 2266 1147 2311 non
1201 2245 1435 2310 ducum
1491 2244 1716 2328 modo,
1783 2245 1895 2309 sed
1961 2246 2160 2311 etiam
2220 2268 2374 2310 suae
2441 2246 2658 2329 sortist,

298 2333 538 2420 quippe
602 2334 891 2400 alienum
966 2333 1313 2401 discrimen
1384 2334 1686 2400 secuturi.

294 2528 490 2582 milia
534 2527 1000 2596 expleverant,
1039 2526 1420 2582 vermuthlich

295 2597 390 2652 bei
442 2598 554 2653 den
614 2598 825 2653 letzten
877 2597 997 2652 Auf
991 2597 1260 2668 geboten,
1325 2616 1421 2652 zur

299 2667 571 2724 Schlacht
638 2668 734 2724 bei
793 2616 1032 2725 Arbelag
1075 2640 1276 2725 hattex’z
1340 2669 1423 2724 sie

295 2739 444 2794 nach
478 2745 531 2794 4.
571 2747 656 2796 12.
694 2748 727 2796 6
776 2757 883 2795 nur
918 2745 1061 2795 8000
1097 2740 1293 2794 Reiter
1326 2755 1421 2810 ge-

298 2811 471 2867 stellt.
545 2811 653 2865 Zur
690 2811 1083 2866 Construction
1125 2811 1243 2880 vgl.
1281 2817 1329 2864 3.
1368 2816 1419 2865 2.

296 2887 332 2934 4
368 2898 525 2952 eques
566 2881 759 2936 XXX
790 2883 1053 2952 inplebat.

370 2957 455 3007 31.
512 2953 801 3020 Baetra,
860 2953 983 3022 altp
986 2968 1089 3007 ers.
1145 2949 1421 3020 Bachdhi,

290 3021 435 3092 jetzt
459 3023 699 3080 Balkh.
753 3025 919 3079 Nach
943 2971 1145 3078 Strabo
1174 3039 1291 3077 war
1318 3039 1423 3076 nur

297 3095 393 3148 ein
430 3095 663 3150 andex-er
697 3096 879 3149 Name
922 3093 1218 3149 derselben
1256 3091 1423 3148 Stadt

298 3165 401 3219 der
437 3164 530 3220 bei
565 3167 777 3220 Arr.4.
819 3172 864 3221 1.
905 3170 937 3220 5
976 3183 1030 3220 ιι.
1070 3170 1120 3222 δ.
1158 3163 1419 3220 voi-kom-

295 3237 499 3291 mende
529 3238 813 3335 Zariaspa
838 3261 907 3282 ===
939 3236 1128 3291 ‘stadt
1164 3236 1267 3290 der
1302 3233 1423 3304 gel-

294 3307 406 3362 ben
469 3308 689 3364 Rosse’.
784 3308 899 3363 Der
960 3307 1121 3362 Fluss
1186 3305 1422 3360 Bactrus

295 3379 477 3433 heisst
503 3379 650 3448 jetzt
683 3379 962 3434 Balkhab.
1026 3378 1189 3432 Nach
1220 3376 1424 3432 Arrian

295 3448 429 3502 kam
470 3450 628 3505 Alex.
665 3451 814 3504 nach
851 3448 1058 3504 Bactra
1097 3464 1211 3502 von
1251 3447 1425 3503 Oeten

297 3519 401 3573 her
435 3520 575 3574 fiber
609 3520 914 3590 Drapsaca.

372 3594 459 3644 32.
496 3590 805 3656 defectio.
843 3590 895 3646 S.
919 3591 1205 3646 oben6.1.
1233 3595 1423 3644 1-21,

299 3658 487 3714 Ueber
532 3660 641 3716 den
684 3659 948 3732 Beginn
988 3661 1149 3731 jenes
1192 3660 1425 3730 Krieges

299 3729 460 3784 hatte
514 3731 671 3786 Alex
738 3733 883 3786 nach
940 3733 1147 3786 Arrian
1204 3733 1423 3801 (3.16)

297 3800 511 3856 bereits
546 3799 607 3855 in
646 3801 788 3857 Susa
822 3803 1019 3858 Kunde
1059 3803 1331 3858 erhalten.
1356 3832 1423 3842 —

296 3871 797 3943 Laconumque,
834 3892 875 3931 s.
913 3881 962 3928 6.
994 3879 1043 3928 3.
1074 3879 1107 3928 2
1144 3873 1429 3944 Spartam,

295 3943 572 4010 Achaeos,
611 3944 1069 4013 Peloponnesum,
1104 3945 1429 4002 ubersetze.

298 4013 799 4070 insbesondere
836 4016 935 4070 der
970 4015 1425 4071 Lacedamonier.

294 4113 367 4130 -—
410 4088 842 4155 nuntiaturi,
896 4087 1059 4142 harte
1106 4086 1427 4141 Substanti-

296 4153 501 4226 virung
548 4183 619 4204 ι-
664 4155 725 4212 οἰ
764 4127 1153 4226 ἀγγελοῦντες.
1194 4188 1261 4198 -
1310 4157 1429 4212 ad-

298 4225 521 4290 fertur
558 4228 597 4285 f.
644 4231 958 4286 nuntiatur.
1034 4230 1103 4283 In
1145 4227 1435 4299 gleichem

301 4295 471 4352 Sinne
509 4298 629 4354 Liv.
658 4305 709 4354 3.
740 4305 827 4354 42.
857 4307 890 4354 6
929 4305 1203 4355 terrores·
1278 4299 1428 4353 .ad-

1793 2332 1984 2400 Prior
2059 2332 2375 2400 barbarus
2443 2335 2660 2400 emisit

1528 2528 1648 2582 zati.
1707 2557 1776 2568 -—-
1833 2527 2150 2583 Caranus
2209 2531 2268 2582 et
2324 2527 2660 2600 Eriqyius

1529 2604 1688 2723 ε’ἒὲ».
1701 2604 2231 2724 225atibarzanes
2287 2687 2328 2724 s.
2387 2669 2658 2724 ebenfalls

1530 2747 1582 2795 3.
1619 2745 1669 2792 2.
1710 2769 1777 2779 -
1815 2754 2112 2808 segnem.
2192 2745 2418 2795 ‚stare
2454 2766 2521 2786 -
2561 2758 2658 2795 an-

1530 2811 1694 2936 3⁰3?
1701 2814 2048 2936 ἔῗωιἬΞὲ
2072 2783 2660 2934 πῖἐῖἢῖἕῖῗῖνιέξὟθ

1603 2957 1688 3007 34.
1718 2951 1919 3006 illiue
1951 2952 2290 3006 exereitus
2316 2975 2384 2995 =
2411 2951 2512 3004 der
2536 2951 2658 3006 ihm

1529 3021 2167 3093 gegenfiberstehenden
2230 3021 2658 3076 Heeresabthei·

1528 3095 1684 3164 lang.
1792 3091 2130 3163 Gegensatz.
2203 3091 2298 3146 die
2369 3092 2563 3161 Trup

1530 3164 1748 3220 welche
1795 3163 2046 3219 Caranus
2091 3163 2420 3234 befehligte.

1533 3253 1575 3292 s.
1616 3235 1725 3290 den
1758 3233 1892 3290 krit.
1930 3235 2192 3305 Anhang.

1601 3311 1689 3360 35.
1751 3307 1932 3361 acies
1994 3310 2319 3376 utraeque
2371 3305 2463 3360 fiir
2515 3307 2661 3361 acies

1529 3383 1780 3447 utraque.
1856 3376 1931 3432 So
1975 3377 2122 3432 auch
2167 3377 2360 3433 Cicero
2405 3377 2520 3431 und
2557 3376 2658 3431 Ca-

1532 3464 1626 3502 sar
1650 3447 1969 3516 bisweilen‚
1997 3449 2183 3502 zumal
2207 3464 2370 3503 wenn
2397 3448 2498 3502 das
2518 3447 2660 3504 Sub-

1532 3519 1840 3574 stantivum
1853 3561 1868 3585 ,
1903 3519 2014 3574 wie
2051 3521 2220 3586 acies,
2259 3519 2382 3574 eine
2409 3518 2660 3574 Vielheit

1529 3607 1644 3645 von
1690 3589 2023 3645 Individuen
2071 3590 2416 3646 bezeichnet.
2468 3619 2523 3630 -—-
2569 3589 2623 3644 zi
2633 3620 2658 3630 ·

1534 3660 1700 3716 bero.
1775 3660 1906 3731 Vgl.
1953 3662 2104 3716 loeus
2149 3661 2284 3716 liber
2321 3661 2392 3715 ab
2429 3660 2659 3716 arbitris

1532 3731 1628 3786 bei
1699 3731 1922 3798 Cicero;
1995 3733 2196 3787 liberae
2267 3732 2424 3786 aedes
2489 3731 2658 3801 (leere

1532 3803 1771 3871 Hauser)
1808 3802 1903 3857 bei
1936 3802 2145 3858 Livius.
2174 3833 2242 3842 -
2271 3802 2536 3869 dueum,
2571 3818 2661 3856 er-

1533 3877 1734 3956 ganne
1737 3875 1932 3939 κατίῃ
1959 3873 2106 3928 doch
2132 3873 2333 3942 sprach
2361 3889 2494 3928 man
2511 3873 2657 3928 auch

1534 3960 1647 3999 von
1683 3943 1867 4000 einem
1903 3950 2121 4000 eventus
2154 3945 2523 3998 homvnum—
2454 3968 2523 3990 =
2535 3959 2658 3998 eue-

1536 4031 1728 4072 ceseus,
1769 4045 1837 4056 -
1873 4016 2193 4070 secuturi.
2271 4012 2432 4069 Sinn.
2481 4015 2556 4069 da
2596 4031 2658 4068 es

1534 4087 1718 4142 einem
1772 4085 1942 4155 jeden
1995 4085 2122 4140 klar
2169 4101 2314 4154 war,
2368 4085 2499 4140 dass
2546 4102 2659 4141 von

1536 4158 1668 4213 dem
1701 4156 1946 4226 Kampfe
1991 4156 2092 4210 der
2123 4155 2338 4211 Beiden
2383 4155 2528 4211 auch
2569 4155 2660 4210 ihr

1537 4227 1832 4284 Schicksal
1854 4227 2140 4296 abhange,
2169 4226 2501 4297 eigentlichz
2531 4226 2661 4282 dass

1537 4299 1626 4354 die
1685 4297 2109 4368 Entscheidung
2162 4298 2439 4354 zwischen
2488 4298 2659 4369 jenen

2547 3163 2655 3218 och

2696 2355 2764 2406 36
