3069 4749
857 140 1371 197 ms'romfflun
1406 138 1841 195 ALEXANDRI
1879 138 2000 209 v11,
2039 146 2087 197 6.
2466 104 2482 113 ²
2568 136 2655 203 83

298 309 474 463 {23:3¹²
487 301 2458 461 ²0223233¹¹¹33cssssri'su's'eiissbssnffissffessssff’u‘}at‘sstssssii‘ffl}
2478 322 2663 455 Ρὲῗέἑ

1083 442 1098 457 ·
1805 442 1822 474 7

300 485 601 568 exemplo
668 484 1174 550 continerentur.
1273 480 1660 564 Memaceni,
1723 480 1941 544 valida
2007 499 2195 564 gens,
2259 478 2664 545 obsidionem
2706 499 2772 547 17

296 596 431 639 non
476 577 553 638 ut
597 572 1043 637 honestiorem
1089 570 1309 652 modo,
1365 569 1476 633 sed
1522 569 1720 633 etiam
1765 572 1842 631 ut
1884 569 2194 633 tutiorem
2235 568 2408 633 ferre
2454 567 2668 633 decre-

300 666 549 729 verant.
651 660 754 725 Ad
821 680 1097 744 quorum
1159 658 1590 744 pertinaciam
1650 656 2083 742 mitigandam
2147 678 2260 722 rex
2315 674 2360 720 L
2419 657 2667 741 equites

303 751 668 836 praemisit,
727 749 841 833 qui
888 748 1295 813 clementiam
1341 746 1548 830 ipsius
1595 746 1664 809 in
1711 746 1964 810 deditos
2013 746 2333 830 simulque
2377 746 2669 811 inexora-

306 840 508 905 bilem
554 838 844 903 animum
890 838 961 901 in
1004 836 1297 900 devictos
1335 834 1767 900 ostenderent.
1839 834 1947 898 Illi
1983 856 2101 899 nec
2147 833 2226 898 de
2272 834 2396 899 fide
2433 856 2552 899 nec
2589 835 2668 901 de
2708 854 2772 904 18

306 928 603 1012 potentia
656 926 830 1011 regis
893 926 1073 1008 ipsos
1140 924 1439 989 dubitare
1502 923 1900 1007 respondent
1961 924 2340 1008 equitesque
2402 924 2668 989 tendere

308 1020 493 1081 extra
558 1016 969 1080 munimenta
1021 1013 1203 1077 urbis
1262 1013 1516 1077 iubent:
1591 1012 2010 1095 hospitaliter
2069 1012 2298 1076 deinde
2366 1023 2668 1095 exceptos

307 1125 665 1190 gravesque
738 1102 947 1187 epulis
1012 1104 1081 1165 et
1154 1122 1383 1167 somno
1450 1101 1846 1185 intempesta
1917 1105 2112 1167 nocte
2186 1100 2400 1165 adorti
2474 1101 2668 1165 inter-

306 1194 619 1257 fecerunt.
694 1191 1064 1255 Alexander
1104 1190 1281 1254 haud
1318 1212 1530 1273 secuS,
1577 1210 1774 1273 quam
1808 1212 1930 1273 par
1965 1193 2136 1272 erat,
2181 1194 2399 1255 motus
2435 1190 2666 1254 urbem
2707 1210 2770 1257 19

309 1302 550 1347 corona
602 1279 1026 1345 circumdedit
1079 1279 1525 1361 munitiorem,
1582 1299 1780 1362 quam
1831 1283 1906 1343 ut
1959 1279 2170 1362 primo
2227 1278 2478 1362 impetu
2524 1279 2669 1362 capi

306 1373 551 1455 posset.
624 1368 857 1453 Itaque
894 1366 1295 1451 Meleagrum
1332 1371 1400 1433 et
1434 1366 1814 1431 Perdiccam
1860 1368 1930 1431 in
1967 1367 2304 1433 obsidione
2339 1366 2669 1451 relinquit.
2708 1446 2718 1453 .

306 1458 453 1540 Ipse
496 1458 917 1540 proficiscitur
960 1458 1047 1521 ad
1090 1454 1415 1521 Grateram
1461 1452 1870 1539 Cyropolim,
1929 1459 2006 1520 ut
2054 1459 2205 1520 ante
2260 1455 2508 1522 dictum
2555 1460 2672 1540 est,

309 1546 737 1611 obsidentem.
830 1542 1167 1610 Statuerat
1221 1548 1440 1610 autem
1493 1564 1760 1628 parcere
1817 1544 1967 1608 urbi
2022 1544 2322 1609 conditae
2380 1567 2418 1608 a
2474 1542 2671 1627 Cyro:
2709 1564 2779 1613 20

311 1636 550 1719 quippe
586 1656 718 1699 non
756 1634 961 1699 alium
1008 1634 1303 1717 gentium
1338 1632 1605 1697 illarum
1642 1633 1856 1717 magis
1895 1633 2254 1697 admiratus
2301 1636 2426 1717 est,
2475 1654 2674 1717 quam

310 1723 483 1787 hunc
519 1744 743 1809 regem
780 1726 849 1787 et
888 1720 1305 1807 Samiramin,
1345 1742 1507 1806 quos
1547 1725 1614 1785 et
1649 1720 2099 1807 magnitudine
2137 1722 2342 1787 animi
2379 1725 2446 1786 et
2483 1722 2672 1787 clari-

311 1816 450 1877 tate
487 1833 704 1877 rerum
742 1812 939 1895 longe
968 1810 1311 1875 emicuisse
1358 1810 1679 1875 credebat.
1755 1808 2059 1875 Ceterum
2096 1811 2458 1894 pertinacia
2489 1812 2673 1894 oppi-
2710 1830 2776 1879 21

309 1900 633 1965 danorum
696 1900 865 1965 iram
930 1899 1069 1963 eius
1134 1898 1448 1965 accendit.
1556 1898 1784 1983 Itaque
1851 1904 2111 1983 captam
2181 1900 2413 1963 urbem
2476 1899 2673 1983 diripi

309 1989 521 2053 iussit.
576 1984 813 2053 Deleta
851 2009 927 2051 ea
952 1986 1347 2053 Memacenis
1380 1985 1556 2053 haud
1583 1988 1824 2051 iniuria
1851 1987 2125 2053 infestus
2157 1988 2238 2052 ad
2265 1986 2671 2072 Meleagrum

312 2082 379 2142 et
406 2076 779 2141 Perdiccam
818 2076 1002 2141 redit.
1076 2074 1201 2141 Sed
1238 2099 1372 2142 non
1410 2076 1546 2141 alia
1580 2075 1737 2139 urbs
1775 2076 2014 2141 fortius
2044 2076 2452 2142 obsidionem
2486 2077 2671 2142 tulit:
2709 2097 2776 2145 22

310 2166 547 2251 quippe
578 2169 643 2229 et
680 2166 965 2230 militum
1001 2164 1475 2249 promptissimi
1504 2164 1790 2229 cecidere
1824 2169 1892 2229 et
1925 2165 2065 2249 ipse
2093 2186 2207 2231 rex
2245 2166 2329 2231 ad
2364 2166 2671 2231 ultimum

306 2254 670 2337 periculum
725 2254 920 2319 venit.
1019 2252 1083 2319 N
1086 2275 1318 2339 amque
1374 2254 1588 2319 cervix
1645 2254 1780 2319 eius
1849 2276 2005 2319 saxo
2072 2254 2168 2319 ita
2222 2255 2352 2321 icta
2407 2258 2533 2337 est,
2598 2258 2672 2319 ut

308 2343 513 2408 oculis
563 2342 845 2428 caligine
892 2342 1101 2408 offusa
1138 2343 1619 2426 conlaberetur,
1664 2364 1746 2408 ne
1785 2343 2023 2410 mentis
2071 2343 2329 2428 quidem
2378 2365 2670 2428 compos:

308 2432 630 2496 exercitus
688 2435 860 2496 certe
913 2432 1097 2497 velut
1152 2437 1377 2517 erepto
1441 2433 1566 2513 [in]
1624 2453 1698 2496 eo
1765 2432 2101 2517 ingemuit.
2205 2431 2329 2498 Sed
2387 2433 2668 2498 invictus
2708 2454 2776 2502 23

310 2521 617 2585 adversus
664 2543 768 2602 ea,
825 2542 991 2604 quae
1038 2525 1289 2586 ceteros
1335 2524 1606 2603 terrent,
1660 2520 1947 2586 nondum
2004 2527 2348 2604 percurato
2405 2523 2672 2588 vulnere

310 2610 520 2672 acrius
568 2608 895 2673 obsidioni
948 2608 1193 2675 institit
1247 2610 1618 2674 naturalem
1672 2609 2075 2674 celeritatem
2131 2611 2230 2675 ira
2286 2611 2672 2676 concitante.

312 2695 624 2762 Cuniculo
673 2717 827 2782 ergo
884 2697 1163 2763 suffossa
1217 2698 1475 2763 moenia
1527 2699 1760 2782 ingens
1815 2698 2136 2763 nudavere
2185 2700 2497 2784 spatium,
2553 2722 2671 2783 per

310 2786 488 2869 quod
534 2786 805 2871 inrupit,
852 2786 1188 2870 victorque
1234 2788 1464 2852 urbem
1510 2785 1681 2850 dirui
1728 2786 1940 2850 iussit.

196 2873 285 2938 28
484 2873 656 2939 Hinc
708 2874 1160 2939 Menedemum
1218 2896 1363 2940 cum
1417 2874 1630 2938 tribus
1684 2873 1951 2938 milibus
2012 2872 2305 2957 peditum
2363 2880 2430 2940 et
2483 2894 2666 2942 Dcoc
2703 2897 2774 2945 24

304 3101 367 3154 in
420 3101 599 3156 denen
645 3101 909 3156 Erhebun
984 3119 1023 3155 n
1080 3101 1180 3156 der
1228 3100 1427 3155 Bevol-
1537 3099 1868 3168 Lagernden
1913 3099 2123 3169 erfolgt
2171 3098 2265 3153 bei
2309 3099 2499 3155 Nacht
2551 3105 2667 3158 und

304 3172 525 3242 kerung
580 3172 891 3243 stattgefun
932 3187 1004 3227 en
1053 3172 1281 3240 hatten,
1336 3169 1429 3224 die
1537 3169 1714 3224 durch
1735 3170 2050 3239 Hinterlist,
2069 3169 2252 3226 damit
2270 3171 2379 3225 den
2397 3171 2668 3230 Stadtern

303 3243 411 3298 mit
456 3243 557 3298 der
600 3244 930 3314 Empbrung
974 3242 1075 3297 der
1117 3242 1429 3313 Sogdianer
1537 3241 1628 3295 ein
1646 3241 1879 3296 Antheil
1908 3257 1981 3295 an
2008 3241 2106 3295 der
2127 3241 2280 3296 That
2305 3243 2466 3298 nicht
2493 3246 2667 3300 nach-

302 3314 420 3368 und
484 3314 745 3370 Baktrier
815 3314 877 3368 in
942 3314 1429 3382 zusammenhang
1534 3313 1818 3382 gewiesen
1852 3313 2079 3368 werden
2113 3312 2318 3369 kenne.

304 3385 557 3440 standon.
599 3415 665 3424 —
705 3385 919 3440 aliam
954 3386 1193 3440 arbem.
1254 3384 1429 3440 Wohl
1611 3388 1694 3437 19.
1723 3385 1796 3438 in
1823 3384 2176 3438 obsidione
2199 3386 2536 3456 relinquit
2556 3387 2665 3442 wie

306 3455 459 3510 Gaza
505 3457 671 3525 (nach
716 3456 957 3526 Arrian).
1007 3487 1073 3496 —-
1120 3457 1193 3510 in
1229 3472 1427 3524 prae·
1539 3461 1588 3509 6.
1629 3461 1679 3510 6.
1715 3459 1802 3510 25.

306 3527 454 3580 dam
508 3542 756 3581 cessere
808 3528 1093 3582 victoris
1146 3526 1253 3580 wie
1309 3525 1429 3582 Liv.
1611 3531 1698 3580 20.
1747 3526 1955 3580 aliam
1997 3528 2241 3594 yentiam
2285 3528 2512 3582 illarum
2554 3528 2664 3584 wie

308 3602 357 3650 6.
421 3601 502 3650 14.
561 3602 628 3651 12
682 3599 748 3652 in
803 3614 1113 3666 paucorum
1158 3598 1433 3667 praedam
1541 3597 1688 3651 aliae
1716 3597 1945 3651 naviam
1974 3602 2025 3651 9.
2047 3604 2094 3652 9.
2122 3604 2203 3652 13.
2226 3628 2293 3638 --
2315 3601 2668 3656 emicuisse

306 3666 551 3732 cessisse;
613 3673 697 3721 43.
768 3673 851 3723 19.
923 3675 988 3724 12
1054 3669 1173 3724 alia
1237 3685 1433 3724 cessere
1541 3667 1716 3722 absol.
1757 3693 1825 3714 ==
1858 3669 2198 3736 praestitisse
2243 3670 2456 3737 ceteris,
2511 3675 2662 3739 poet.

218 3751 262 3776 =,
294 3738 547 3806 praedae
590 3739 843 3795 mi'litam.
916 3740 1242 3795 Ueblicher:
1290 3741 1433 3812 cedit
1542 3757 1596 3792 u.
1636 3739 2070 3794 nachclassisch.

304 3809 523 3877 aliquid
551 3811 770 3863 alicui
798 3812 1040 3878 praeda,
1066 3813 1131 3866 in
1160 3812 1430 3881 praedam
1611 3815 1696 3864 23.
1717 3810 2022 3877 suffossa
2047 3813 2308 3866 moenia
2328 3813 2664 3878 =suffossio

302 3881 419 3934 und
454 3881 717 3949 praedae.
1536 3883 1612 3946 (et
1640 3882 1864 3947 eversio)
1890 3883 2187 3947 moenium,
2225 3900 2268 3938 s.
2296 3882 2441 3936 Einl.
2473 3888 2503 3948 ἓ
2523 3889 2591 3937 36
2615 3900 2662 3939 c.

379 3957 463 4006 17.
481 3952 869 4007 Memaceni.
904 3951 1428 4009 Sonstunbekannt.
1538 3981 1607 3992 —-
1654 3953 2007 4007 nudavere.
2094 3951 2167 4006 So
2221 3953 2462 4007 braucht
2516 3955 2663 4008 auch

302 4053 369 4062 --
410 4023 486 4077 de
520 4024 663 4090 fide
707 4023 878 4077 naml.
925 4025 991 4078 in
1025 4025 1247 4080 deditos.
1328 4023 1429 4078 Bei
1537 4022 1730 4077 Livius
1773 4023 1989 4077 nudare
2044 4024 2219 4076 locam
2267 4049 2335 4069 ==
2383 4024 2482 4078 der
2527 4025 2664 4078 Ver-

294 4095 574 4163 potentia,
622 4095 957 4164 euphemist.
996 4096 1292 4150 Ausdruck
1336 4095 1428 4148 fiir
1534 4092 1820 4163 theidiger
1849 4095 1964 4148 und
1992 4093 2662 4164 Vertheidigungsmittel

301 4167 561 4232 saevitia,
607 4165 686 4220 ist
729 4183 802 4221 an
840 4167 1039 4221 devicti
1076 4185 1143 4220 zu
1188 4167 1424 4222 denken.
1536 4165 1874 4234 entblossem
1894 4165 2022 4218 dem
2040 4165 2249 4220 Feinde
2275 4164 2383 4219 frei
2401 4167 2658 4224 macheu.

378 4241 460 4290 18.
482 4237 1280 4306 eaeeeptos==bewirthet.
1316 4237 1427 4291 Der
1606 4241 1690 4289 24.
1723 4236 2189 4291 Menedemum.
2245 4237 2448 4291 Arrian
2482 4241 2661 4292 nennt

303 4305 528 4376 Angriff
550 4308 651 4363 auf
674 4308 765 4362 die
785 4309 1113 4363 ausserhalb
1142 4309 1241 4363 der
1260 4308 1429 4363 Stadt
1534 4307 1859 4362 ausserdem
1903 4307 2051 4362 noch
2089 4307 2346 4364 Caranus
2385 4309 2502 4363 und
2539 4312 2658 4364 Λη-

2156 4396 2229 4452 6*
