3069 4749
245 694 315 744 22
356 680 498 746 est.'

355 72 486 138 152

1297 77 1361 153 o.
1400 74 1620 127 OURTI
1653 75 1828 126 RUFI

355 258 568 321 suam,
595 257 826 321 nempe
856 257 1051 320 quam
1079 234 1212 300 scio
1245 236 1436 300 alicui
1466 257 1799 300 servorum
1830 236 1967 300 eius
1994 240 2362 320 nupturam.
2418 235 2697 303 Multum

246 337 314 387 21
355 347 508 390 vero
569 323 731 389 mihi
787 328 1109 409 praestat,
1165 326 1222 388 si
1277 346 1380 389 me
1434 323 1699 389 Mazaeo
1762 345 2068 409 generum
2123 325 2493 408 praeponit!
2583 325 2701 409 Ite,

354 414 650 478 nuntiate
714 413 854 498 regi
917 417 1162 495 vestm,
1227 415 1294 476 et
1354 436 1522 498 quae
1582 414 1806 477 amisit
1862 418 1929 478 et
1988 435 2151 497 quae
2212 415 2419 479 adbuc
2482 414 2701 497 habet,

354 502 646 587 praemia
693 524 834 567 esse
880 502 1066 565 belli:
1111 501 1236 566 hoc
1283 506 1556 587 regente
1598 502 1933 587 utriusque
1990 504 2307 567 terminos
2362 505 2577 588 regni,
2631 504 2699 568 id

347 612 673 676 quemque
717 590 1115 674 habiturum,
1160 590 1333 674 quod
1378 590 1715 674 proximae
1760 590 1923 656 lucis
1970 591 2391 674 adsignatura
2435 593 2701 657 fortuna

587 679 820 764 Legati
865 679 1279 763 respondent,
1325 701 1470 744 cum
1508 680 1753 744 bellum
1792 680 1863 745 in
1900 680 2117 745 animo
2155 681 2257 763 sit,
2293 681 2505 745 facere
2552 702 2701 746 eum

355 769 761 853 simpliciter,
820 767 992 853 quod
1041 790 1154 851 spe
1199 768 1380 850 pacis
1426 790 1561 833 non
1607 767 2055 833 frustraretur:
2112 769 2291 852 ipsos
2337 773 2579 854 petere,
2626 773 2701 834 ut

353 880 550 943 quam
594 858 877 942 primum
924 856 1339 927 dimittantur
1385 856 1468 921 ad
1511 878 1763 942 regem,
1808 879 1955 922 eum
2002 878 2256 943 quoque
2304 858 2547 923 bellum
2584 880 2700 942 pa-

350 969 494 1013 rare
541 946 789 1011 debere.
881 944 1156 1010 Dimissi
1198 945 1506 1011 nuntiant
1552 946 1777 1011 adesse
1824 950 2171 1012 certamen.

1352 1155 1510 1224 CAP.
1556 1156 1704 1224 XII.

531 1280 650 1349 Ille
695 1281 956 1365 quidem
1004 1282 1351 1347 confestim
1398 1282 1738 1347 Mazaeum
1786 1304 1933 1347 cum
1988 1283 2199 1347 tribus
2246 1284 2538 1368 equitum
2582 1284 2702 1347 mi·
2719 1284 2814 1353 45

353 1373 525 1439 libus
572 1372 654 1435 ad
700 1372 963 1453 itinera,
1007 1392 1174 1455 quae
1218 1370 1430 1436 hostis
1486 1372 1807 1455 petiturus
1865 1375 2035 1455 erat,
2091 1372 2465 1456 occupanda
2517 1394 2701 1455 prae-

280 1475 314 1525 2
353 1461 548 1525 misit.
639 1460 1006 1524 Alexander
1051 1460 1308 1543 corpori
1342 1462 1565 1525 uxoris
1604 1460 1741 1524 eius
1778 1462 1969 1525 iustis
2007 1460 2359 1544 persolutis
2398 1461 2702 1545 omnique

352 1549 650 1635 graviore
699 1548 1013 1613 comitatu
1056 1548 1232 1613 intra
1277 1548 1501 1613 eadem
1548 1550 1955 1613 munimenta
2010 1570 2154 1613 cum
2210 1550 2461 1615 modico
2519 1571 2701 1633 prae-

282 1653 315 1701 3
356 1639 520 1703 sidio
571 1638 806 1705 ‚relicto
863 1638 946 1701 ad
1000 1637 1258 1701 hostem
1315 1638 1665 1702 contendit.
1751 1636 1843 1702 In
1903 1639 2029 1702 duo
2092 1659 2334 1703 cornua
2393 1638 2703 1703 diviserat

351 1725 637 1811 peditem
683 1726 942 1809 utrique
988 1725 1180 1789 lateri
1227 1726 1442 1811 equite
1504 1726 1929 1791 circumdato:
1984 1727 2425 1810 inpedimenta
2480 1748 2703 1811 seque-

280 1830 316 1879 4
354 1817 594 1881 bantur
630 1836 882 1899 agmen.
927 1813 1364 1879 Praemissum
1402 1814 1631 1879 deinde
1670 1837 1815 1880 cum
1854 1815 2003 1881 citis
2040 1816 2368 1899 equitibus
2394 1814 2700 1881 Menidan

350 1906 534 1970 iubet
579 1904 936 1987 explorare,
983 1903 1096 1968 ubi
1133 1902 1388 1968 Dareus
1437 1907 1625 1969 esset.
1698 1905 1793 1969 At
1835 1904 1965 1987 ille,
2004 1925 2151 1968 cum
2188 1903 2490 1977 Mazaeus
2528 1904 2703 1968 haud

351 1994 580 2077 procul
618 1993 1033 2071 consedisset,
1071 2014 1203 2055 non
1241 2014 1436 2057 ausus
1474 1994 1650 2057 ultra
1686 1993 2051 2077 procedere,
2088 1993 2253 2057 nihil
2292 1992 2470 2057 aliud
2506 2014 2702 2076 quam

351 2082 688 2147 fremitum
747 2080 1090 2145 hominum
1148 2080 1603 2164 hinnitumque
1660 2102 1971 2166 equorum
2028 2081 2363 2146 exaudisse
2423 2082 2704 2147 nuntiat.

281 2184 314 2234 ὅ
353 2170 658 2235 Mazaeus
701 2191 960 2253 quoque
1007 2169 1372 2252 conspectis
1418 2170 1643 2253 procul
1682 2170 2204 2254 exploratoribus
2250 2170 2321 2235 in
2368 2174 2587 2235 castra
2632 2191 2702 2235 se

353 2260 615 2343 recepit,
663 2256 978 2323 adventus
1025 2258 1314 2322 hostium
1360 2258 1650 2324 nuntiuS.
1740 2259 1953 2343 Igitur
1996 2257 2275 2341 Dareus,
2322 2258 2435 2343 qui
2480 2260 2548 2322 in
2593 2280 2704 2341 pa-

351 2349 644 2414 tentibus
675 2347 919 2431 campis
949 2346 1289 2412 decernere
1327 2348 1623 2430 optabat,
1662 2348 1901 2413 armari
1939 2347 2215 2413 militem
2252 2348 2435 2412 iubet
2472 2346 2705 2412 aciem·-

285 2457 318 2506 6
357 2459 481 2523 que
528 2436 833 2521 disponit.
925 2435 1004 2500 In
1062 2437 1248 2501 laevo
1304 2458 1507 2501 cornu
1562 2436 1898 2502 Bactriani
1952 2437 2141 2502 ibant
2195 2430 2471 2521 equiteS,
2526 2436 2703 2500 mille

355 2525 733 2592 admodum:
797 2523 1024 2589 Dahae
1083 2525 1360 2590 totidem
1417 2530 1482 2590 et
1544 2525 1887 2591 Arachosii
1948 2525 2334 2610 Susianique
2394 2529 2706 2609 quattuor

354 2615 536 2680 milia
580 2613 948 2698 explebant.
1021 2612 1162 2679 Hos
1201 2617 1462 2680 centum
1499 2613 1730 2680 falcati
1765 2635 1989 2681 currus
2028 2615 2482 2699 sequebantur.
2545 2613 2703 2678 Pro—

425 2829 512 2878 20.
548 2840 795 2892 nempe,
844 2823 1020 2878 ‘wohl
1066 2843 1133 2878 zu
1177 2823 1474 2893 beachten,

349 2897 411 2967 ja
447 2895 634 2950 doch'.
700 2893 828 2964 Vgl.
870 2899 953 2950 10.
992 2900 1042 2948 2.
1082 2899 1153 2948 25
1188 2911 1378 2963 ‘nempe
1411 2896 1475 2949 in

351 2967 610 3021 Asiatica
627 2967 862 3036 praeda.
883 2996 950 3005 —-
976 2981 1314 3020 servorum
1341 2965 1394 3019 d.
1416 2965 1471 3018 h.

351 3037 767 3104 Unterthanen3
803 3035 918 3092 alle
954 3036 1168 3102 Perser‚
1197 3036 1341 3090 auch
1379 3035 1472 3090 die

352 3109 778 3176 vornehmsten‚
832 3123 1023 3162 waren
1069 3107 1263 3161 δοῦλοι
1320 3109 1472 3180 βασι-

351 3175 508 3240 λέως.
563 3178 698 3232 Man
731 3177 988 3233 vermisst
1021 3176 1281 3232 indessen
1309 3178 1473 3232 einen

352 3251 574 3305 Beisatz
612 3249 718 3304 wie
765 3250 1031 3318 alioqui
1066 3250 1120 3303 d.
1157 3249 1194 3304 i.
1233 3247 1320 3302 im
1359 3265 1472 3303 an-

353 3321 558 3376 deren
593 3319 814 3388 Falle,
863 3322 1072 3375 sonst.
1147 3319 1261 3373 Der
1295 3317 1476 3381 Name

352 3392 454 3446 des
494 3391 757 3446 Mazaeus
806 3390 949 3444 wird
999 3390 1149 3445 wohl
1199 3408 1304 3444 nur
1356 3389 1474 3444 bei-

351 3461 721 3588 212153132120‘
757 3447 1478 3604 “axamibsfflaa

351 3605 430 3659 ist
463 3603 682 3660 Darius.
722 3634 790 3644 -
825 3608 1118 3674 reqente,
1166 3602 1327 3658 Sinn:
1375 3604 1476 3658 der

352 3675 525 3745 Krieg
563 3677 742 3730 setzt
769 3674 860 3729 die
889 3675 1140 3730 Grenzen
1167 3674 1330 3743 fest,
1367 3691 1474 3730 re-

351 3746 614 3818 guliert
649 3745 741 3800 die
779 3746 1046 3801 Grenzen.

424 3823 512 3873 21.
549 3819 621 3872 id
656 3834 980 3887 quemque.
1021 3817 1075 3871 S.
1114 3816 1177 3872 Ε.
1217 3821 1303 3870 32.

422 3894 510 3943 22.
548 3890 957 3958 simpliciter
985 3914 1054 3935 =
1082 3883 1289 3952 ἁπλῶς,
1325 3887 1474 3940 ehr-

352 3961 509 4015 lich.
549 3991 617 4002 --
654 3961 853 4029 ipsos.
901 3950 1228 4014 Ubersetze:
1267 3957 1349 4012 sie
1385 3957 1476 4011 fiir

351 4030 472 4086 ihre
509 4032 734 4086 Person.

769 4153 905 4211 xm».
943 4115 1064 4210 ΧΠ.

415 4247 476 4296 .1.
495 4242 628 4298 Ille
653 4245 928 4313 quidem.
952 4242 1287 4313 Gegensatz:
1306 4239 1480 4296 Alex-

1586 2825 1760 2878 ander
1806 2827 1835 2890 §
1884 2831 1933 2880 2.
2018 2823 2134 2880 Das
2190 2823 2430 2894 Subjekt
2482 2823 2706 2877 Dareus

1584 2894 1663 2949 ist
1699 2913 1765 2948 zu
1804 2896 2142 2950 entnehmen
2181 2912 2281 2950 aus
2333 2902 2412 2949 11.
2452 2899 2519 2948 22
2557 2911 2703 2948 num-

1583 2967 1731 3020 tiant
1744 2967 1959 3020 dimissi
1974 2967 2065 3034 (ei,
2080 2969 2234 3036 reqi).
2252 2997 2320 3006 -
2337 2966 2450 3020 Ma
2461 2981 2491 3020 z
2502 2982 2622 3020 aea
2632 2981 2704 3033 m,

1584 3053 1625 3093 s.
1666 3042 1715 3091 9.
1758 3043 1806 3091 7.

1654 3112 1703 3162 2.
1735 3107 1951 3161 eadem
1986 3109 2427 3177 munimenta,
2454 3107 2508 3162 d.
2528 3107 2583 3161 h.
2604 3106 2705 3160 das

1580 3176 1863 3232 namliche
1916 3176 2118 3252 Isagerr
2156 3180 2263 3246 (10.
2306 3181 2422 3246 15),
2468 3179 2529 3232 in
2574 3177 2703 3230 dem

1584 3249 1685 3303 das
1724 3249 2031 3318 Begrabnis
2068 3249 2490 3321 stattgefunden
2526 3250 2704 3304 hatte.

1656 3343 1705 3392 3.
1743 3339 1817 3392 in
1851 3338 1980 3392 duo
2017 3353 2271 3393 cornua
2300 3338 2405 3393 etc.
2444 3336 2549 3392 Die
2567 3337 2703 3392 Auf-

1584 3409 1833 3479 stellung
1868 3425 2053 3478 genau
2091 3409 2195 3464 wie
2220 3415 2283 3464 ·9.
2324 3415 2408 3463 17.
2616 3427 2621 3430 ·

1655 3503 1705 3550 4.
1744 3497 1929 3563 citis,
1969 3496 2083 3566 vgl.
2120 3515 2276 3566 eques
2302 3498 2445 3552 citus
2471 3496 2591 3551 Liv.
2618 3502 2705 3553 26.

1587 3572 1671 3622 15.
1719 3575 1769 3622 8.
1861 3567 2119 3622 Menidas
2180 3568 2369 3623 ffihrte
2431 3567 2707 3624 berittene

1584 3636 1934 3707 griechische
1972 3637 2369 3710 Soldtruppen.

1658 3731 1709 3850 {j
1746 3728 2039 3851 olfigabat.
2115 3713 2266 3783 Uber
2302 3728 2410 3783 den
2456 3727 2707 3782 Infinitiv

1583 3817 1624 3852 s.
1714 3838 1725 3851 .
1871 3839 1886 3852 .

1652 3892 1707 3942 B.
1745 3887 1941 3940 ibant
1974 3911 2043 3932 =
2080 3887 2318 3954 stabant,
2356 3887 2463 3942 wie
2491 3893 2541 3943 3.
2573 3893 2623 3942 9.
2652 3892 2703 3942 9.

1584 3976 1637 4013 u.
1675 3959 1851 4010 unten
1887 3961 1918 4022 ᾖ
1958 3962 2039 4011 11.
2109 3955 2215 4012 Die
2251 3958 2554 4027 folgenden
2590 3959 2705 4011 An-

1580 4028 1771 4098 gaben
1826 4028 2091 4082 scheinen
2138 4044 2238 4082 aus
2294 4032 2460 4099 guter
2506 4027 2705 4094 Quelle

1583 4098 1885 4168 geschbpft
1912 4117 1979 4153 zu
2008 4099 2129 4154 sein
2155 4099 2271 4153 und
2299 4105 2575 4170 erganzen
2594 4099 2703 4152 den

1582 4169 1814 4224 Bericht
1850 4170 2094 4226 Arriano.
2168 4156 2319 4225 ‘Uber
2363 4171 2457 4225 die
2494 4169 2704 4236 Dahae,

1582 4239 1893 4310 Arachosii,
1932 4239 2151 4296 Susiani
2196 4260 2238 4295 s.
2278 4245 2327 4296 8.
2371 4248 2416 4298 1.
2456 4246 2515 4309 83
2563 4246 2612 4296 7.
2652 4245 2705 4294 3.
