3069 4749
446 130 579 197 202
1080 90 1089 97 ’
1343 130 1405 197 o.
1445 130 1667 187 cmm
1702 131 1876 187 Rom

442 294 784 379 haerebat,
846 297 1190 378 utcumque
1252 294 1594 378 inaequale
1657 298 1872 361 terrae
1923 293 2264 381 fastigium
2318 300 2800 379 occupaverant

443 384 681 449 undae.
745 404 893 448 cum
947 382 1167 449 subito
1220 404 1429 449 novus
1485 388 1552 448 et
1604 382 1880 467 pristino
1933 384 2142 451 maior
2193 389 2407 451 terror
2454 384 2794 451 incutitur.

329 480 407 531 20
444 472 855 557 Reciprocari
910 472 1127 556 eoepit
1178 492 1357 537 mare
1413 492 1654 557 magno
1708 476 1926 539 tractu
1971 474 2154 558 aquis
2199 474 2270 538 in
2313 494 2502 539 suum
2546 472 2794 539 fletum

442 561 923 628 recurrentibus
994 560 1433 645 reddebatque
1504 565 1716 627 terras
1777 562 1974 645 paulo
2045 565 2195 628 ante
2257 562 2578 646 profundo
2641 562 2790 627 salo

444 672 709 715 mersas.
785 649 997 735 Igitur
1042 648 1355 715 destituta
1396 650 1665 734 navigia
1709 650 1840 715 alia
1881 650 2396 754 praecipitantur
2435 651 2505 716 in
2539 672 2792 735 proras,

444 741 577 805 alia
618 739 689 803 in
732 738 943 805 latera
986 738 1442 822 procumbunt.
1512 737 1719 805 Strati
1763 742 1949 804 erant
1983 740 2197 825 campi
2235 740 2531 823 sarcinis,
2569 740 2791 823 armis,

332 835 404 884 21
446 828 815 893 avulsarum
850 827 1225 893 tabularum
1262 848 1712 913 remorumque
1748 828 2147 915 fragmentis.
2201 826 2392 893 Miles
2418 850 2538 895 nec
2565 828 2791 913 egredi

442 918 512 983 in
555 921 797 981 terram
842 936 963 982 nec
998 915 1068 979 in
1102 937 1267 981 nave
1306 915 1658 982 subsistere
1697 916 2003 1001 audebat,
2044 916 2392 983 identidem
2427 918 2788 1002 praesenti-

440 1006 562 1071 bus
602 1005 928 1090 graviora,
964 1024 1129 1089 quae
1166 1008 1615 1089 sequerentur,
1651 1010 2014 1091 expectans.
2078 1004 2234 1091 Vix,
2271 1025 2436 1092 quae
2470 1005 2786 1108 perpetiq-

442 1095 707 1177 bantur,
769 1092 987 1159 videre
1040 1093 1218 1177 ipsos
1274 1093 1647 1181 credebant,
1711 1096 1781 1160 in
1833 1094 2004 1160 sicco
2059 1094 2430 1180 naufragia,
2483 1095 2554 1161 ιιι
2607 1095 2788 1159 amni

326 1189 403 1237 22
442 1203 637 1247 mare.
732 1180 873 1247 Nec
928 1182 1078 1247 finis
1134 1182 1483 1249 malorum:
1547 1184 1788 1268 quippe
1843 1186 2096 1249 aestum
2149 1184 2343 1268 paulo
2397 1187 2552 1268 post
2603 1204 2784 1249 mare

440 1272 813 1356 relaturum,
858 1292 986 1355 quo
1030 1270 1299 1357 navigia
1341 1270 1818 1356 adlevarentur,
1868 1272 2106 1358 ignari,
2149 1272 2392 1339 famem
2437 1276 2504 1337 et
2547 1272 2788 1340 ultima

442 1360 707 1426 sibimet
750 1359 1224 1426 ominabantur.
1296 1359 1540 1427 Beluae
1583 1382 1838 1447 quoque
1873 1360 2176 1427 fluctibus
2211 1360 2560 1427 destitutae
2595 1361 2792 1427 terri-

326 1455 405 1504 23
441 1448 606 1515 biles
648 1450 1074 1533 vagabantur.
1144 1448 1413 1533 Iamque
1456 1470 1588 1515 nox
1633 1450 1980 1535 adpetebat
2023 1454 2092 1516 et
2126 1470 2349 1535 regem
2383 1470 2640 1535 quoque
2673 1448 2786 1515 de-
2809 1454 2902 1520 37

443 1539 729 1623 spei-atio
784 1537 1019 1603 salutis
1082 1538 1489 1623 aegritudine
1547 1538 1892 1605 adfecerat.
1990 1536 2144 1604 Non
2195 1545 2417 1605 tamen
2469 1538 2790 1605 invictum

441 1627 726 1693 animum
772 1648 962 1692 curae
1008 1626 1319 1711 obruunt,
1365 1627 1522 1711 quin
1565 1629 1711 1693 tota
1753 1632 1946 1694 nocte
1988 1627 2344 1715 persideret
2386 1628 2457 1692 ιιι
2503 1628 2788 1711 speculis

440 1716 819 1801 equitesque
881 1716 1327 1799 praemitteret
1388 1715 1471 1779 ad
1528 1737 1604 1781 os
1661 1717 1898 1800 amnis,
1963 1720 2061 1800 ut,
2123 1738 2272 1782 cum
2325 1738 2506 1795 mare
2559 1738 2788 1782 rursus

324 1808 405 1857 24
442 1809 819 1871 exaestuare
872 1803 1249 1886 sensissent,
1302 1804 1780 1888 praecederent.
1868 1767 2152 1893 Navi'gia
2206 1826 2460 1891 quoque
2505 1809 2571 1871 et
2616 1805 2784 1871 lace-

438 1898 587 1959 rata
640 1894 819 1959 refici
874 1897 940 1958 et
992 1914 1221 1959 eversa
1274 1892 1577 1959 fluctibus
1633 1895 1798 1980 erigi
1851 1894 2034 1960 iubet
2086 1898 2478 1980 paratosque
2529 1915 2670 1959 esse
2717 1898 2790 1960 et

324 1986 403 2035 25
440 1982 754 2066 intentos,
808 2003 955 2047 cum
1008 2003 1232 2047 rursus
1288 2004 1467 2048 mare
1518 1986 1726 2048 terras
1771 1982 2168 2049 inundasset.
2259 1982 2426 2048 Tota
2473 2004 2550 2049 ea
2593 1986 2786 2048 nocte

437 2071 608 2137 inter
652 2070 913 2158 vigilias
968 2070 1580 2157 adhortationesque
1635 2077 2022 2158 consumpta
2077 2072 2373 2137 celeriter
2419 2076 2486 2137 et
2531 2071 2786 2157 equites

438 2159 693 2245 ingenti
736 2181 929 2225 eursu
972 2160 1268 2245 refugere
1312 2164 1379 2225 et
1424 2165 1684 2226 secutus
1731 2164 1834 2227 est
1869 2164 2104 2226 aestus.
2177 2160 2304 2237 Qui
2339 2160 2552 2246 primo
2593 2162 2785 2245 aquis

440 2248 571 2313 leni
614 2252 831 2313 tractu
870 2249 1295 2314 subeuntibus
1333 2250 1549 2333 coepit
1583 2250 1796 2315 levare
1831 2250 2112 2336 navigia,
2156 2271 2308 2315 mox
2342 2249 2500 2315 totis
2535 2250 2782 2333 campis

324 2340 402 2392 26
440 2336 767 2404 inundatis
816 2337 1015 2404 etiam
1060 2337 1299 2421 inpulit
1345 2337 1640 2404 classem.
1717 2337 1994 2405 Plausus
2031 2338 2313 2406 militum
2348 2338 2784 2406 nauticorum-

440 2448 563 2510 que
608 2425 1011 2510 insperatam
1058 2426 1335 2492 salutem
1379 2427 1726 2494 immodico
1777 2429 2242 2496 celebrantium
2287 2427 2524 2513 gaudio
2569 2427 2782 2494 litori-

436 2514 560 2580 bus
623 2515 913 2600 ripisque
974 2515 1340 2580 resonabat.
1430 2511 1619 2581 Unde
1672 2520 1932 2582 tantum
1985 2517 2262 2582 redisset
2315 2516 2531 2582 subito
2585 2538 2784 2601 mare,

438 2623 565 2687 quo
608 2602 818 2686 pridie
864 2603 1234 2688 refugisset,
1278 2625 1596 2707 quaenam
1643 2612 1815 2671 esset
1859 2607 2148 2672 eiusdem
2185 2607 2491 2671 elementi
2524 2611 2783 2688 natura,

436 2690 630 2757 modo
696 2691 969 2778 discors,
1034 2693 1224 2758 modo
1286 2693 1564 2778 imperio
1613 2697 1980 2781 temporum
2037 2695 2346 2779 obnoxia,
2410 2657 2783 2762 mirabundi

507 2889 593 2938 20.
630 2889 874 2942 tractu.
938 2884 1102 2940 Auch
1136 2889 1167 2950 ξ
1196 2890 1290 2950 25ς
1328 2891 1379 2940 3.
1408 2892 1460 2942 4.
1489 2891 1554 2954 83
1657 2887 1806 2954 finis.
1835 2914 1906 2928 --
1932 2891 1993 2943 et
2026 2904 2128 2943 vor
2162 2888 2360 2942 ultima
2391 2886 2468 2942 ist
2499 2885 2774 2955 verallge-

431 2960 485 3009 4.
524 2960 575 3011 9.
612 2961 677 3010 21
718 2973 772 3009 ιι.
811 2973 913 3012 aw.
960 2973 1071 3012 von
1117 2956 1215 3011 der
1251 2955 1556 3026 Strbmung
1659 2958 1950 3014 meinernd
1985 2957 2149 3028 (‘und
2183 2957 2550 3028 uberhaupt')
2585 2956 2690 3012 wie
2721 2963 2775 3012 6.

435 3041 546 3080 von
588 3025 929 3083 Gewassern.
968 3058 1035 3067 -
1072 3027 1403 3083 reddebat.
1476 3027 1553 3082 So
1663 3034 1745 3083 11.
1783 3034 1881 3096 293
1922 3034 1974 3083 8.
2015 3034 2098 3084 11.
2137 3034 2206 3084 24
2241 3047 2297 3084 ιι.
2334 3034 2384 3085 ὅ.

435 3102 487 3150 7.
536 3103 585 3152 3.
634 3104 703 3153 10
747 3099 1056 3182 redduntur
1108 3099 1327 3153 arbores
1375 3099 1558 3164 eadm·
1729 3121 1816 3171 23.
1861 3117 2154 3173 obruunt
2203 3117 2280 3172 ist
2322 3115 2624 3173 construirt
2665 3114 2776 3171 wie

433 3173 488 3222 6.
515 3173 567 3222 4·
600 3174 667 3222 19
703 3170 887 3226 reddit
919 3175 1121 3252 terrflm
1148 3174 1386 3224 naturae
1418 3185 1556 3226 W
1660 3186 1753 3242 die
1797 3187 1986 3243 Verba
2030 3188 2128 3243 des
2173 3187 2468 3243 Hindemss.
2515 3217 2582 3228 —
2620 3203 2774 3256 per-

432 3241 611 3305 (mare
634 3240 919 3309 relabem}
972 3240 1079 3296 Dle
1114 3240 1363 3322 Ῑθίέῑῦθῒθ,
1374 3239 1550 3322 3150119
1657 3260 1912 3316 sideret
1952 3257 2028 3312 ist
2061 3274 2168 3314 nur
2213 3259 2417 3314 andere
2455 3257 2776 3313 Sehreibart

432 3309 538 3364 hat
591 3310 738 3365 auch
792 3313 949 3366 sonst
992 3310 1393 3367 Aehnhchkeit
1444 3313 1554 3366 mit
1657 3327 1748 3383 fffi.
1774 3331 2106 3398 persedere&
2149 3330 2261 3400 γε]
2301 3335 2349 3384 3,
2391 3334 2439 3384 1
2477 3335 2510 3384 3
2549 3329 2774 3384 cin-mn-

437 3380 536 3434 der
569 3379 981 3451 vorliegenden.
1054 3380 1183 3450 Vgl.
1230 3382 1379 3437 noch
1416 3381 1549 3436 Tac.
1656 3399 1828 3455 Men·
1871 3425 1940 3446 Ξ,
1985 3401 2374 3456 cin-mederi
2441 3430 2512 3440 -.
2571 3416 2776 3470 prae-

432 3465 563 3504 ΜΠ·
596 3457 651 3535 ,Ῑ·
692 3457 760 3507 ⁷0
806 3453 905 3508 ΖΜ
949 3453 1190 3508 rssdffld‘t
1224 3457 1443 3507 terram·
1480 3483 1550 3492 ““
1656 3472 1965 3527 cederent
1998 3471 2244 3526 namh‘ch
2278 3471 2439 3526 mavi.
2514 3469 2607 3526 Sie
2643 3470 2774 3526 soll·

432 3521 781 3578 dutwuta·
844 3521 1094 3606 Ersfime
1130 3529 1283 3579 ww
1314 3524 1462 3578 nach
1497 3528 1549 3578 4-
1655 3543 1754 3596 ten
1782 3542 1884 3597 aas
1911 3542 2284 3598 Rflokkehren
2311 3542 2410 3596 uer
2435 3541 2607 3596 math
2643 3541 2774 3597 dom

434 3597 485 3646 7·
524 3597 595 3648 2⁰
631 3593 765 3649 odel·
800 3594 1057 3663 flm'fflnoe
1090 3595 1235 3650 nach
1270 3599 1301 3660 ἓ
1338 3599 1423 3650 22·
1655 3613 1836 3668 Heere
1870 3613 1951 3668 im
1986 3629 2186 3669 vorans
2223 3611 2446 3668 melden
2483 3614 2534 3682 (5
2578 3614 2680 3681 25).

506 3669 591 3719 21.
622 3681 803 3720 nave.
858 3667 1020 3720 Auch
1047 3665 1239 3720 Livius
1266 3666 1371 3720 hat
1396 3664 1549 3720 diese

432 3732 807 3791 Ablativform
860 3737 1043 3793 neben
1088 3735 1195 3790 der
1241 3735 1548 3806 gebrauoh
1727 3715 2288 3782 ²4·10“⁹·“t⁰⁸.‘1¹⁴³·
2374 3711 2489 3766 Am
2542 3709 2775 3780 navim

434 3804 685 3862 licheren
716 3809 867 3862 navi.
897 3837 965 3850 -—
997 3823 1163 3878 quae
1196 3821 1549 3878 sequeren-
1653 3781 1730 3836 ¹⁸¹⁵
1763 3788 1970 3838 mut&
2003 3799 2070 3836 ²¹²
2106 3781 2460 3838 enmehmen·

431 3881 545 3932 tur
562 3901 629 3924 a-
650 3877 752 3934 das
770 3880 917 3934 etwa
937 3879 1079 3934 noch
1100 3877 1292 3976 folgen
1308 3877 1545 3946 kemite,
1725 3883 1809 3934 26.
1837 3879 2213 3935 resonabat.
2269 3878 2381 3933 Der
2407 3877 2772 3934 beistehende

431 3949 724 4005 identidem
740 3948 817 4004 ist
833 3948 961 4006 hier
978 3965 1020 4003 s.
1035 3967 1087 4005 v.
1104 3965 1155 4004 a.
1179 3949 1313 4004 ‘von
1322 3947 1547 4018 Augen·
1655 3948 1884 4005 Ablativ
1920 3949 2018 4004 des
2047 3949 2176 4004 Orts
2211 3948 2290 4005 ist
2322 3947 2679 4006 dichterisoh.
2703 3979 2772 3990 —

430 4019 586 4076 blick
622 4037 691 4074 zu
724 4019 1119 4091 Augenblick’.
1151 4050 1219 4062 --
1256 4021 1371 4075 vix
1406 4035 1544 4074 ere·
1652 4021 1834 4075 modo
1869 4021 2128 4103 discors
2156 4021 2289 4088 οιοζς
2325 4019 2560 4075 deutsch
2596 4021 2772 4076 etv-2

430 4092 676 4148 debant
711 4091 817 4146 wie
856 4091 957 4148 Ov.
997 4108 1027 4146 e
1063 4091 1545 4147 Pont.4.1e.35
1652 4090 1760 4146 wie
1777 4090 1976 4147 ''dooh
1953 4106 2112 4161 Jenes
2139 4089 2400 4146 Element
2425 4107 2490 4147 so
2515 4090 2774 4147 Wunder-

429 4161 528 4217 νέω
560 4179 655 4218 vos
689 4179 753 4218 ea
788 4163 999 4218 credere
1033 4163 1241 4217 dicunt.
1651 4161 1757 4218 bar
1799 4109 2120 4218 beschaffen
2156 4162 2264 4232 sei,
2305 4161 2492 4216 indem
2528 4177 2588 4217 es
2635 4161 2774 4218 bald

502 4239 588 4289 22.
626 4235 694 4290 N
697 4249 763 4290 ec
800 4233 977 4301 finis
1008 4250 1079 4289 m.
1151 4233 1372 4289 Ebenso
1408 4233 1546 4287 kurz
1652 4230 2201 4317 inwilderGahrung
2214 4204 2346 4289 bald
2361 4231 2630 4288 wiederu.
2643 4249 2688 4288 s.
2699 4250 2770 4289 w.

431 4299 562 4359 Tac.
583 4321 713 4360 ann.
738 4311 785 4358 1.
810 4309 879 4360 65
915 4319 1083 4374 neque
1116 4305 1168 4360 is
1200 4306 1548 4362 miseriarum
1655 4304 1776 4360 sich
1811 4302 1983 4374 zeige.
