3069 4749
436 159 563 225 188
1336 163 1399 224 Q.
1439 160 1657 212 cmm
1690 159 1864 210 num

432 325 733 402 verteret,
759 324 1123 386 monstrare
1158 321 1283 385 iter
1318 321 1611 405 quamvis
1651 319 1920 386 arduum
1957 321 2022 383 et
2059 339 2392 403 praeceps:
2433 339 2778 382 evasurum

436 433 505 478 se
552 432 693 477 esse
742 433 887 476 cum
932 409 1174 494 pauciS,
1220 410 1348 474 nisi
1392 409 1565 474 forte
1611 409 1915 490 crederet,
1951 429 2079 491 qua
2115 407 2256 491 ipse
2294 405 2544 490 pecoris
2583 427 2778 472 causa

434 502 612 578 isset,
658 498 1103 564 Alexandrum
1147 520 1266 582 pro
1317 497 1529 581 gloria
1577 501 1643 562 et
1685 501 2000 582 perpetua
2043 495 2232 560 laude
2267 497 2362 559 ire
2398 516 2531 560 non
2567 516 2778 579 posse.

332 603 399 652 13
435 589 660 654 Etiam
708 591 901 670 atque
948 588 1147 652 etiam
1192 587 1420 652 docere
1476 587 1798 671 captivus,
1853 607 2050 669 quam
2105 584 2366 650 difficile
2417 583 2544 648 iter
2589 588 2780 667 esset,

436 678 716 743 maxime
764 676 1051 741 armatis
1142 674 1310 740 Tum
1356 697 1488 759 reX,
1534 673 1912 759 ‘Praedem',
1957 674 2190 758 inquit,
2236 671 2362 737 ‘me
2409 671 2626 756 accipe
2669 694 2780 737 ne-

436 766 677 831 minem
740 787 993 849 eorum,
1051 764 1165 848 qui
1222 769 1614 850 sequuntur,
1671 769 2120 830 recusaturum
2177 765 2299 845 ire,
2354 783 2482 846 qua
2541 760 2780 827 duces-⁹

334 871 403 922 14
442 853 712 921 Cratero
758 854 963 938 igitur
1008 853 1090 917 ad
1137 853 1498 918 custodiam
1547 856 1906 918 castrorum
1951 851 2176 916 relicto
2233 872 2382 916 cum
2433 849 2784 934 peditibus,

440 943 583 1028 quis
630 942 1037 1026 adsueverat,
1091 945 1157 1006 et
1205 943 1291 1006 'iis
1337 943 1569 1027 copiis,
1625 964 1784 1026 quas
1829 941 2156 1026 Meleager
2201 938 2502 1021 ducebat,
2557 941 2624 1002 et
2680 960 2780 1002 sa-

442 1031 729 1118 gittariis
766 1030 1219 1116 equitibusque
1262 1049 1317 1095 M
1355 1030 1688 1115 praecipit,
1723 1035 1800 1096 ut
1835 1033 2196 1094 castrorum
2234 1027 2445 1113 specie
2481 1031 2784 1092 manente

442 1121 661 1204 plures
710 1119 787 1184 de
832 1119 1154 1185 industria
1198 1119 1383 1204 ignes
1430 1119 1572 1184 fieri
1607 1121 1900 1205 imperet,
1937 1139 2064 1204 quo
2099 1117 2312 1202 magis
2349 1115 2612 1182 barbari
2649 1137 2784 1180 cre-

339 1228 406 1279 15
444 1209 603 1276 dant
646 1209 861 1292 ipsum
906 1228 1127 1293 regem
1171 1209 1243 1272 in
1288 1209 1523 1273 castris
1572 1229 1730 1272 esse.
1804 1205 2122 1291 Ceterum,
2165 1207 2226 1270 si
2269 1205 2438 1270 forte
2471 1204 2784 1270 Ariobar-

443 1319 633 1362 zanes
680 1297 1095 1382 cognovisset
1137 1317 1254 1381 per
1300 1297 1564 1450 effluxu
1621 1296 1954 1362 anfractus
2007 1316 2074 1362 se
2123 1295 2368 1360 intrare
2419 1297 2488 1358 et
2543 1292 2624 1358 ad
2679 1314 2784 1358 oo-

339 1407 407 1456 16
444 1385 811 1471 cupandum
866 1385 995 1450 iter
1050 1407 1237 1450 suum
1295 1407 1339 1469 p
1447 1407 1550 1450 em
1609 1386 1938 1470 copiarum
1995 1387 2385 1467 temptasset
2439 1403 2789 1467 opponere,

444 1472 747 1540 Craterus
808 1495 954 1539 eum
1006 1474 1214 1540 inlato
1268 1476 1515 1540 terrore
1571 1475 1906 1556 retineret,
1963 1473 2045 1538 ad
2103 1473 2372 1557 propius
2426 1471 2784 1556 periculum

444 1585 899 1629 conversurum
941 1583 1203 1648 agmen:
1242 1562 1343 1627 sin
1382 1567 1600 1628 autem
1633 1565 1774 1646 ipse
1800 1563 2059 1628 hostem
2085 1561 2426 1626 fefellisset
2452 1565 2524 1625 et
2545 1560 2786 1624 saltum

444 1655 846 1738 occupasset,
875 1673 1021 1716 cum
1057 1651 1523 1737 trepidantium
1563 1652 1989 1717 barbarorum
2026 1651 2378 1715 tumultum
2405 1648 2788 1730 exaudisset,

441 1762 834 1826 persequens
878 1744 1021 1805 tum
1066 1760 1288 1824 regem
1333 1740 1401 1805 id
1444 1741 1660 1825 ipsum
1705 1741 1848 1824 iter,
1894 1761 2022 1825 quo
2059 1738 2268 1823 pridie
2303 1738 2475 1822 pulsi
2509 1738 2788 1819 fuerant,

441 1851 525 1894 ne
573 1829 899 1896 dubitaret
944 1829 1223 1914 ingredi:
1278 1829 1513 1914 quippe
1568 1849 1844 1895 vacuum
1899 1829 2038 1894 fore
2089 1827 2394 1892 hostibus
2453 1826 2524 1891 in
2581 1830 2789 1890 semet

338 1937 404 1987 17
444 1919 704 1984 aversis.
793 1917 941 2003 Ipse
985 1919 1183 1983 tertia
1228 1918 1455 2004 vigilia
1498 1918 1722 1983 silenti
1769 1917 2026 2004 agmine
2075 1939 2152 1982 ac
2195 1937 2278 1980 ne
2322 1915 2484 1980 tuba
2527 1914 2786 1998 quidem
2810 1913 2892 1980 15

442 2006 595 2072 dato
655 2008 844 2092 signo
900 2009 1117 2092 pergit
1170 2006 1253 2071 ad
1312 2007 1828 2073 demonstratum
1879 2007 2006 2071 iter
2062 2005 2357 2070 callium:
2411 2003 2612 2068 tridui
2669 2004 2784 2070 ali-

209 2167 227 2190 ·
338 2114 405 2164 18
444 2099 665 2162 menta
710 2101 971 2179 portare
1016 2096 1299 2161 militem
1342 2097 1624 2161 iusserat
1666 2095 1898 2162 leviter
1943 2097 2284 2160 armatum.
2357 2089 2483 2158 Sed
2529 2097 2788 2176 praeter

441 2185 655 2250 invias
711 2205 903 2268 rupes
960 2206 1036 2250 ac
1089 2188 1437 2269 praerupta
1494 2207 1678 2267 saxa,
1730 2184 2080 2268 vestigium
2141 2181 2414 2248 subinde
2473 2181 2787 2263 fallentia,

442 2273 553 2338 nix
617 2274 943 2338 cumulata
1005 2276 1196 2338 vento
1262 2273 1701 2358 ingredientes
1765 2273 2112 2358 fatigabat:
2179 2271 2422 2356 quippe
2483 2270 2663 2336 velut
2717 2269 2786 2333 in

442 2361 665 2428 foveas
723 2361 921 2427 delati
973 2362 1439 2428 hauriebantur
1492 2365 1587 2447 et,
1645 2385 1790 2428 cum
1837 2384 1876 2427 a
1921 2360 2469 2428 commilitonibus
2533 2359 2785 2425 adleva-
2884 2363 2890 2372 '

340 2472 406 2520 19
442 2455 697 2535 rentur,
741 2451 1095 2517 trahebant
1148 2452 1358 2537 magis
1415 2452 1793 2517 adiuvantes
1858 2473 2053 2536 quam
2100 2450 2550 2535 sequebantur.
2638 2446 2788 2513 Nox

444 2561 699 2625 quoque
745 2544 813 2604 et
854 2540 1085 2625 ignota
1127 2542 1308 2625 regio
1356 2562 1429 2606 ac
1476 2540 1604 2606 dux
1647 2576 1738 2589 —-
1783 2540 2100 2605 incertum
2148 2560 2236 2604 an
2283 2537 2442 2603 satis
2483 2536 2651 2603 fidus
2699 2572 2786 2583 —

444 2628 969 2713 multiplicabant
994 2634 1275 2694 metumz
1306 2632 1361 2693 si
1391 2628 1688 2695 custodes
1717 2628 2074 2712 fefellisset,
2112 2627 2299 2711 quasi
2332 2626 2506 2691 feras
2543 2625 2787 2691 bestias

444 2718 622 2802 ipsos
667 2740 854 2803 posse
903 2716 1309 2802 deprehendi.
1398 2718 1501 2783 Ex
1545 2718 1738 2783 unius
1796 2717 2039 2803 captivi
2083 2716 2189 2781 vel
2241 2715 2368 2780 fide
2414 2716 2516 2779 vel
2571 2714 2789 2779 anima

446 2910 707 2978 Glfiok’‚
766 2928 807 2966 s.
860 2915 908 2965 ⁷.
951 2916 1034 2965 11.
1075 2916 1169 2977 14³
1226 2909 1347 2965 Liv.
1388 2916 1436 2965 7.
1474 2915 1562 2965 se.

448 2987 531 3037 13.
554 3011 621 3023 --
650 2983 947 3051 evadere,
974 2982 1563 3051 emporklimmen‚

1669 2910 1724 2965 d.
1761 2924 1805 2964 s.
1844 2909 1970 2965 sind
2003 2906 2338 2976 uberflfissig
2371 2908 2518 2961 nach
2555 2906 2655 2961 der
2682 2906 2786 2960 Be-

1669 2980 1945 3049 merkung
2001 2978 2100 3033 des
2156 2977 2587 3033 Schriftstellers
2643 2976 2788 3033 oben

443 3052 550 3108 wie
588 3058 619 3119 ξ
656 3058 741 3107 27.

519 3129 602 3178 13.
622 3128 998 3193 sequuntur
1017 3123 1161 3177 ohne
1179 3122 1391 3193 objekt
1404 3125 1533 3192 (me)
1542 3142 1564 3189 ,·

446 3209 507 3248 so
544 3193 688 3247 auch
725 3200 775 3249 8.
814 3200 864 3249 3.

520 3270 603 3319 14.
626 3264 931 3331 Cratera,
958 3265 1107 3319 donn
1124 3263 1419 3319 Parmenio
1446 3282 1564 3319 war

446 3335 743 3390 abwesend
778 3337 853 3405 (3.
886 3336 990 3404 16).
1033 3364 1093 3375 —-
1134 3336 1285 3405 quie
1320 3336 1562 3391 adsue-

442 3410 633 3463 verat
684 3406 793 3461 wie
846 3412 897 3460 3.
938 3411 1023 3463 12.
1062 3412 1123 3471 23
1183 3404 1435 3475 gemeint
1485 3405 1565 3461 ist

444 3476 536 3531 die
553 3474 710 3542 τάξις
728 3476 829 3531 der
844 3476 1117 3545 Phalanx,
1134 3476 1229 3531 die
1236 3474 1336 3533 Gr.
1354 3476 1563 3548 fabi-te,

446 3564 488 3601 s.
518 3547 664 3602 Anh.
694 3546 763 3603 11.
792 3552 842 3602 3.
880 3576 949 3589 -—-
990 3549 1211 3617 'specie
1243 3555 1563 3605 manente.

442 3604 775 3673 Uber-setae:
810 3635 873 3673 er
900 3618 1042 3673 solle
1078 3634 1203 3673 zum
1230 3618 1436 3675 Schein
1460 3620 1564 3675 das

443 3690 629 3760 Lagei·
644 3688 918 3745 bestehen
944 3690 1149 3757 lassen,
1169 3689 1235 3759 ja
1260 3706 1427 3761 sogar
1454 3694 1567 3748 etc.

519 3766 603 3815 15.
623 3761 1099 3830 occupandum.
1122 3760 1417 3831 Occupare,
1435 3779 1564 3817 vor-

444 3832 547 3889 her
602 3831 895 3901 besetzen‚
952 3832 1369 3903 ‘verlegen’3
1426 3834 1567 3888 iiber

445 3908 829 3973 temptasset
864 3920 913 3957 c.
950 3903 1100 3957 infin.
1142 3922 1184 3958 s.
1220 3902 1285 3958 Ε.
1323 3908 1444 3959 118.

520 3980 604 4030 16.
634 3990 1135 4041 conversan-unu
1162 3972 1325 4029 Sinne
1345 3974 1419 4028 da
1436 3974 1563 4029 der-

447 4045 601 4101 selbe
640 4045 790 4101 dann
826 4045 971 4101 ohne
998 4043 1229 4100 Zweifel
1256 4044 1379 4101 sich
1412 4061 1564 4100 wen-

444 4116 558 4171 den
592 4116 795 4173 werde.

522 4190 605 4243 17.
672 4189 913 4243 silenti
974 4204 1013 4241 a
1060 4188 1256 4255 mine,
1320 4185 1568 4242 dieselbe

447 4256 657 4313 Phrase
698 4261 843 4315 auch
878 4258 971 4314 bei
1054 4258 1211 4313 ivius.
1264 4256 1367 4313 Die
1395 4258 1566 4313 nach-

449 4326 752 4395 folgenden
768 4330 963 4386 Worte
990 4345 1059 4384 ae
1084 4346 1153 4385 ne
1178 4329 1315 4385 tuba
1348 4329 1566 4399 quidem

1669 3056 1720 3106 2.
1761 3058 1810 3105 7.
1867 3082 1936 3091 -
1988 3050 2122 3106 iter
2173 3049 2478 3118 callium,
2532 3048 2647 3118 vgl.
2683 3048 2790 3103 iter

1669 3122 1846 3178 saltus
1881 3128 1933 3178 3.
1976 3128 2024 3177 7.
2063 3125 2112 3175 6.

1745 3232 1828 3282 18.
1865 3227 2158 3299 vestiyia
2201 3224 2558 3294 fallentia,
2605 3240 2789 3295 genau

1669 3297 1778 3355 wie
1815 3303 1866 3353 4.
1895 3306 1946 3353 9.
1979 3302 2074 3365 18;
2109 3299 2182 3352 in
2215 3297 2444 3365 foveas
2477 3294 2585 3351 wie
2623 3301 2674 3351 3.
2701 3300 2788 3351 19.

1665 3401 1742 3412 -
1773 3370 2300 3437 hauriebantur,
2340 3366 2479 3421 ‘sie
2515 3382 2789 3421 versan-

1669 3441 1844 3511 ken',
1880 3441 1988 3496 wie
2023 3440 2337 3511 yuryitibas
2369 3438 2593 3493 hauriri
2619 3443 2669 3491 4.
2703 3442 2786 3501 16.

1673 3518 1757 3567 16.
1787 3542 1856 3553 -
1883 3512 2359 3581 sequebantur,
2389 3508 2516 3579 eig.‚
2546 3508 2630 3564 als
2661 3506 2788 3562 dass

1673 3582 1753 3637 sie
1771 3583 1945 3638 ihnen
1966 3584 2167 3651 (ihrem
2190 3579 2418 3649 Ziehen)
2437 3579 2790 3651 nachgaben,

1673 3654 1794 3710 sich
1828 3653 2227 3708 herausziehen
2261 3650 2480 3707 liessen.
2543 3648 2789 3705 Ahnlich

1671 3740 1810 3795 opus
1845 3724 2166 3795 sequebatur
2201 3728 2254 3777 4.
2293 3728 2343 3779 3.
2383 3726 2468 3778 10.

1746 3835 1828 3886 19.
1866 3830 2194 3885 incertum
2223 3846 2325 3884 an.
2355 3828 2624 3899 vgl.Liv.
2643 3833 2697 3883 8.
2723 3833 2787 3883 17

1670 3902 1938 3957 incertum
1971 3917 2084 3970 qua
2112 3901 2226 3982 fide
2253 3901 2542 3983 pultqnw,
2576 3915 2666 3955 wo
2700 3900 2789 3953 in-

1670 3976 2188 4097 mamam.
2208 3970 2790 4126 harnam&

1673 4132 1717 4170 s.
1735 4114 1798 4169 E.
1822 4118 1942 4169 157.
1971 4142 2040 4155 -
2079 4114 2442 4181 fefelltseet
2478 4112 2528 4169 d.
2550 4113 2606 4169 h.
2626 4126 2790 4167 wenn

1675 4184 1774 4241 der
1802 4183 2015 4239 Fuhrer
2045 4184 2388 4240 entwischte.
2417 4214 2489 4225 -
2515 4184 2616 4239 vel
2648 4183 2792 4251 fide

1669 4257 1772 4313 vel
1820 4257 2048 4311 anima
2083 4254 2198 4311 fast
2241 4255 2430 4325 gleich
2465 4259 2517 4309 et
2551 4254 2594 4320 f.
2631 4258 2684 4309 ct
2715 4271 2789 4321 a.‚

1674 4326 1823 4383 deun
1859 4327 1959 4383 auf
1990 4326 2182 4383 beides
2219 4326 2352 4381 kam
2387 4340 2448 4381 es
2485 4341 2574 4381 an.
