3069 4749
912 182 1413 235 HISTORIARUM
1446 182 1870 236 ALEXANDRI
1906 184 2000 252 IV,
2045 187 2128 238 16.
2215 216 2224 227 ·
2562 182 2686 246 171

338 346 643 411 Invasere
684 343 988 409 turbatos
1046 344 1238 409 amici
1293 364 1572 428 quoque:
1627 364 1747 408 nec
1801 344 2038 410 Persae
2093 344 2289 409 inulti
2349 344 2684 429 cadebant,
2723 353 2794 403 24

341 434 579 519 quippe
642 452 777 499 non
828 432 1171 499 universae
1234 433 1431 517 acies,
1484 454 1679 516 quam
1733 432 1860 498 hae
1901 434 2375 499 tumultuariae
2441 454 2688 517 manus,

340 521 785 588 vehementius
829 520 1033 587 iniere
1086 524 1431 587 certamen.
1521 520 1810 587 Tandem
1869 522 2161 606 barbari,
2217 543 2364 587 cum
2410 522 2688 587 obscura
2724 530 2792 579 25

338 612 480 677 luce
526 611 731 677 tutior
788 608 951 693 fuga
1004 608 1333 675 videretur
1388 630 1530 674 esse
1587 632 1784 693 quam
1837 631 2086 696 pugna,
2134 610 2440 694 dispersis
2488 610 2688 697 agmi-

339 700 532 765 nibus
580 700 815 765 abiere.
862 698 1021 764 -Rex
1066 698 1583 764 extraordinario
1629 698 1919 783 periculo
1965 697 2306 764 defunctus
2342 700 2686 765 incolumis

338 809 490 854 suos
536 788 794 853 reduxit
836 788 907 851 in
956 790 1186 853 castra.

520 875 821 943 Cecidere
866 875 1240 959 Persarum,
1296 896 1570 960 quorum
1625 896 1963 940 numerum
2008 874 2288 941 victores
2342 875 2527 939 finire
2572 896 2686 960 po-
2723 886 2791 935 26

339 968 623 1048 tuerunt,
659 966 839 1030 milia
874 982 988 1047 XL,
1022 963 1451 1029 Macedonum
1487 963 1703 1028 minus
1741 986 1935 1048 quam
1974 981 2100 1030 ccc
2137 963 2482 1029 desiderati
2519 967 2686 1029 sunt.

342 1051 643 1119 Ceterum
696 1053 868 1118 hanc
921 1053 1260 1117 victoriam
1318 1074 1433 1116 rex
1496 1052 1742 1117 maiore
1801 1074 1882 1116 ex
1931 1056 2118 1137 parte
2169 1053 2425 1137 virtuti,
2489 1074 2683 1137 quam
2721 1064 2790 1113 27

338 1142 640 1207 fortunae
686 1162 839 1207 suae
887 1141 1133 1206 debuit:
1182 1140 1449 1223 [animo,
1489 1161 1643 1225 non,
1687 1143 1762 1205 ut
1807 1144 2018 1225 antea,
2064 1142 2209 1207 loco
2253 1142 2458 1223 vicitJ.
2512 1140 2685 1206 Nam
2722 1154 2791 1203 28

342 1234 410 1295 et
454 1232 658 1295 aciem
702 1230 1095 1314 peritissime
1146 1230 1457 1295 instruxit
1511 1232 1577 1293 et
1631 1230 2116 1314 promptissime
2170 1230 2310 1314 ipse
2368 1230 2688 1315 pugnavit

342 1322 410 1383 et
478 1338 715 1403 magno
788 1318 1061 1384 consilio
1127 1318 1447 1384 iacturam
1511 1317 1910 1384 sarcinarum
1970 1318 2684 1404 inpedimentorumque

330 1408 750 1491 contempsit,
805 1428 951 1472 cum
996 1408 1066 1473 in
1108 1408 1257 1491 ipsa
1302 1408 1441 1471 acie
1497 1428 1788 1472 summae
1834 1408 1932 1473 rei
1983 1407 2233 1473 videret
2278 1429 2418 1473 esse
2466 1407 2684 1472 discri-

330 1516 506 1580 men,
574 1495 899 1580 dubioque
964 1495 1173 1561 adhuc
1237 1516 1494 1580 pugnae
1551 1499 1788 1561 eventu
1849 1518 1970 1581 pro
2026 1497 2272 1563 victore
2327 1518 2396 1562 se
2461 1498 2682 1581 gessit.

328 1584 669 1650 Perculsos
716 1583 945 1649 deinde
988 1584 1279 1649 hostium
1321 1584 1509 1668 fudit,
1554 1584 1904 1670 fugientes,
1951 1586 2126 1670 quod
2171 1586 2242 1650 in
2286 1585 2402 1651 illo
2451 1584 2678 1649 ardore
2718 1602 2786 1652 29

331 1672 536 1737 animi
572 1674 682 1738 vix
726 1673 899 1738 credi
934 1676 1174 1758 potest,
1207 1672 1592 1758 prudentius
1631 1695 1826 1758 quam
1864 1674 2116 1740 avidius
2153 1677 2526 1758 persecutus
2566 1677 2682 1739 est.

330 1760 500 1827 Nam
547 1762 602 1826 si
645 1765 831 1847 parte
878 1762 1195 1827 exercitus
1244 1760 1453 1827 adhuc
1488 1762 1562 1827 in
1597 1762 1736 1827 acie
1773 1765 1987 1828 stante
2024 1763 2272 1829 instare
2307 1762 2682 1829 cedentibus
2721 1780 2790 1829 30

328 1853 831 1934 perseverasset,
890 1854 1004 1915 aut
1059 1852 1251 1935 culpa
1308 1872 1425 1915 sua
1478 1850 1687 1916 victus
1757 1854 1926 1917 esset
1991 1855 2106 1918 aut
2169 1851 2384 1917 aliena
2441 1852 2682 1917 virtute

328 1939 609 2005 vicisset.
666 1938 812 2004 Iam
858 1939 916 2004 si
962 1938 1453 2005 multitudinem
1500 1939 1791 2024 equitum
1828 1940 2304 2006 occurrentium
2350 1939 2684 2006 extimuis-

330 2031 458 2111 set,
502 2026 736 2093 victori
794 2032 910 2093 aut
961 2026 1148 2093 foede
1203 2026 1586 2111 fugiendum
1643 2031 1757 2093 aut
1809 2028 2273 2093 miserabiliter
2327 2027 2682 2094 cadendum

328 2114 471 2180 fuit.
560 2114 663 2180 Ne
720 2116 915 2181 duces
972 2116 1231 2201 quidem
1286 2117 1623 2200 copiarum
1677 2138 1796 2181 sua
1847 2116 2038 2181 laude
2104 2117 2448 2183 fraudandi
2512 2119 2680 2200 sunt,
2718 2135 2785 2185 31

331 2205 565 2288 quippe
619 2205 917 2290 vulnera,
982 2226 1147 2289 quae
1204 2206 1476 2290 quisque
1537 2206 1814 2290 excepit,
1877 2206 2118 2271 indicia
2181 2206 2444 2271 virtutis
2510 2213 2675 2270 sunt.

330 2290 837 2378 Hephaestionis
885 2294 1225 2359 brachium
1268 2295 1460 2360 hasta
1504 2294 1708 2359 ictum
1763 2298 1892 2379 est,
1949 2293 2260 2360 Perdicca
2314 2299 2381 2361 et
2427 2292 2678 2360 Coenos
2717 2312 2784 2362 32
2853 2291 2859 2297 ’

331 2384 398 2445 et
440 2381 737 2448 Menidas
786 2385 1049 2469 sagittis
1095 2405 1298 2468 prope
1346 2384 1557 2450 occisi.
1629 2383 1737 2466 Et,
1782 2383 1838 2448 si
1884 2405 2032 2450 vere
2080 2385 2422 2450 aestimare
2467 2383 2682 2449 Mace·
2719 2404 2786 2454 33

332 2469 565 2554 donaS,
622 2472 731 2556 qui
784 2474 943 2537 tunc
988 2475 1203 2556 erant,
1256 2473 1584 2555 volumus,
1637 2473 1988 2538 fatebimur
2040 2477 2108 2538 et
2160 2493 2383 2558 regem
2437 2473 2680 2538 talibus

330 2559 651 2626 ministris
698 2564 765 2625 et
808 2560 962 2626 illos
1008 2565 1197 2626 tanto
1242 2582 1397 2647 rege
1440 2561 1644 2626 fuisse
1691 2561 2126 2647 dignissimos

224 882 321 946 63

309 2752 314 2757 '
402 2757 489 2806 24.
518 2753 765 2820 inulti,
802 2751 973 2807 ohne
1002 2751 1450 2823 Gegenwehr,

333 2821 440 2876 πίε
468 2823 657 2878 osters.
688 2853 757 2863 —-
794 2825 1181 2890 universae,
1214 2823 1449 2893 ‘ganze

334 2891 592 2963 Corps'‚
632 2894 737 2948 πίε
772 2900 917 2950 totas
953 2901 1003 2950 3.
1043 2902 1093 2950 9.

405 2969 491 3020 26.
529 2966 817 3021 obscura
852 2967 999 3021 luce
1024 2963 1171 3020 auch
1188 2964 1284 3019 bei
1300 2964 1449 3034 Liv.;

336 3032 673 3104 Gegensatz=
712 3041 860 3093 certa
897 3037 1029 3092 luce.

406 3111 491 3162 26.
520 3123 821 3176 quomam
849 3107 1163 3163 ubersetze:
1190 3104 1454 3162 insoweit

334 3193 467 3231 man
502 3177 625 3233 ihre
661 3197 714 3234 u.
744 3197 788 3233 s.
816 3179 1238 3246 vnn—finire,
1275 3177 1453 3233 fest-

333 3249 614 3317 stenen,
652 3248 759 3304 πίε
796 3250 963 3316 dim,
1003 3251 1209 3316 locum,
1244 3254 1455 3320 tempus

330 3320 507 3387 finire.
572 3351 637 3360 —
693 3321 887 3376 milia
924 3320 1054 3376 XL.
1128 3320 1292 3374 Nach
1328 3323 1451 3373 Arr.

330 3391 495 3446 fielen
516 3395 621 3446 300
636 3396 758 3458 000,
780 3391 922 3446 nach
943 3391 1106 3446 Diod.
1122 3407 1229 3445 nur
1240 3395 1309 3445 90
1327 3396 1452 3446 000.

332 3491 401 3502 —-
438 3479 633 3530 quam
670 3461 837 3518 000.
884 3460 1049 3516 Nach
1084 3460 1249 3517 Diod.
1286 3461 1453 3516 fielen

334 3536 437 3586 500
456 3573 471 3600 ,
499 3531 654 3616 pach
688 3533 812 3587 Arr.
852 3533 1107 3614 dagegen
1144 3531 1296 3614 blol's
1333 3537 1451 3616 109,

332 3603 1450 3754 ῧὲἓιέἒιῖωὲἓῗθ1ἔὲοέἕὲἒέιὶᾞὲἐὲ

332 3760 444 3798 von
461 3744 571 3799 den
592 3745 1250 3800 Geschichtsschreibern
1281 3743 1450 3798 Alex-

332 3815 534 3870 anders
589 3816 1084 3886 augenscheinlich
1148 3817 1452 3885 durchweg

333 3902 399 3938 zn
434 3886 659 3956 niedrig
694 3887 1037 3958 angegeben‚
1078 3903 1220 3957 ganz
1248 3886 1449 3942 beson-

332 3955 457 4012 ders
485 3974 598 4012 von
623 3957 844 4013 Arrian.
901 3957 1030 4028 Vgl.
1062 3957 1152 4012 die
1180 3957 1317 4013 Zahl
1350 3957 1451 4012 der

332 4025 778 4092 Kombattanten
816 4028 960 4092 oben
1000 4034 1083 4083 12.
1125 4033 1208 4082 13.

1631 2758 1718 2807 27.
1767 2754 1988 2807 animo
2027 2795 2040 2809 .
2071 2793 2084 2806 .
2123 2754 2306 2808 vicit.
2359 2753 2552 2808 Sicher
2588 2754 2680 2814 ein

1561 2824 1834 2879 Glossem.
1904 2823 2032 2892 Vgl.
2073 2823 2164 2878 die
2201 2823 2464 2878 ahnliche
2503 2823 2678 2879 Stelle

1559 2896 1705 2950 oben
1744 2899 1828 2949 13.
1868 2900 1920 2950 9.

1630 2970 1716 3020 28.
1745 2981 2028 3020 summae
2053 2965 2155 3020 rei
2181 2964 2546 3020 discrimen
2573 2964 2678 3018 wie

1559 3035 1692 3090 Tac.
1729 3034 1860 3090 hist.
1899 3041 1949 3093 5.
1992 3041 2075 3091 15.
2133 3035 2296 3090 Sinn:
2335 3051 2397 3090 er
2431 3036 2532 3089 sah
2569 3035 2678 3102 ein,

1563 3106 1687 3162 dass
1725 3107 1816 3162 die
1843 3105 2267 3176 Entscheidung
2291 3106 2431 3162 fiber
2456 3123 2510 3160 u.
2543 3124 2584 3161 s.
2609 3125 2678 3160 π.

1564 3178 1666 3232 auf
1676 3179 1807 3232 dem
1815 3177 2046 3248 Erfolge
2062 3177 2161 3232 der
2171 3177 2440 3232 Schlacht
2449 3176 2678 3232 bernhe.

1568 3251 1574 3256 '
1633 3254 1722 3305 30.
1768 3251 1842 3304 in
1877 3251 2022 3305 acie
2055 3254 2304 3314 stante,
2349 3246 2457 3302 mit
2492 3249 2681 3318 Bezug

1563 3320 1664 3375 auf
1686 3325 1716 3386 §
1739 3325 1824 3386 19,
1852 3319 1960 3375 πίε
1986 3321 2388 3376 occurrentium
2414 3319 2516 3374 auf
2537 3324 2568 3384 ἓ
2591 3324 2677 3375 24.

1633 3396 1718 3446 31.
1784 3391 1883 3446 Ne
1917 3391 1970 3446 d.
2009 3391 2284 3460 quidem.
2353 3376 2678 3445 Ubersetzee

1561 3461 1725 3517 aber
1770 3479 1830 3518 es
1887 3462 2018 3516 darf
2067 3462 2213 3517 auch
2267 3462 2377 3516 den
2427 3460 2680 3516 Ffihrern

1560 3531 1723 3588 nicht
1761 3575 1772 3588 .
1803 3574 1816 3588 .
1853 3533 2248 3588 vorenthalten
2284 3531 2526 3588 werden.

1628 3607 1714 3659 32.
1815 3604 2364 3674 Hephaestionis,
2465 3601 2680 3657 Diodor

1559 3675 1738 3729 neunt
1777 3673 2069 3730 dieselben
2103 3673 2532 3730 Verwundeten.

1631 3751 1717 3802 33.
1773 3750 1861 3816 et,
1895 3745 2020 3801 hier
2057 3749 2234 3802 etwaz
2275 3744 2440 3800 ‘und
2475 3744 2675 3798 iiber-

1559 3816 1827 3886 haupt'.
1867 3847 1934 3858 -
1973 3819 2089 3886 qui
2131 3822 2292 3871 tunc
2335 3820 2562 3882 erant,
2599 3813 2679 3868 im

1561 3886 1872 3956 Gegensatz
1911 3905 1979 3941 zu
2013 3884 2122 3943 den
2149 3886 2543 3942 Macedoniern
2580 3885 2680 3940 der

1561 3957 1682 4012 Zeit
1727 3956 2070 4014 Alexanders
2120 3958 2236 4013 und
2293 3958 2390 4012 der
2439 3955 2678 4010 Periode

1561 4030 1660 4083 der
1687 4029 2002 4085 romischen
2030 4027 2363 4084 Herrschaft
2383 4027 2512 4098 (seit
2533 4030 2676 4097 146).
