3069 4749
500 146 630 211 208
728 148 791 214 Q.
830 146 1049 204 OURTI
1085 144 1256 201 RUFI
1290 144 1801 203 HISTORIARUM
1835 144 2264 201 ALEXANDRI
2300 146 2474 215 VIIII,
2515 152 2597 201 10.

374 323 458 373 -28
498 308 623 376 Sed
684 308 974 393 fortuna,
1039 330 1205 393 quae
1266 308 1459 373 rebus
1521 309 1767 375 famam
1830 308 2234 393 pretiumque
2288 310 2654 393 constituit,
2718 309 2854 375 hoc

496 420 751 483 quoque
796 398 1075 463 militiae
1119 398 1429 482 probrum
1474 397 1675 462 vertit
1713 397 1786 461 in
1821 397 2118 483 gloriam.
2188 396 2280 462 Et
2314 420 2620 482 praesens
2661 402 2850 463 aetas

496 492 563 553 et
598 488 948 572 posteritas
986 486 1215 553 deinde
1262 488 1499 552 mirata
1545 490 1663 570 est,
1707 507 1823 571 per
1859 488 2086 573 gentes
2123 486 2406 551 nondum
2446 488 2604 552 satis
2640 487 2851 551 domi·

495 579 601 641 tas
646 576 987 643 incessisse
1034 576 1445 657 temulentos,
1489 535 1815 657 barb’aris,
1871 575 2041 659 quod
2086 576 2421 640 temeritas
2469 579 2638 659 erat,
2684 576 2851 641 fidu-

380 678 458 726 29
497 666 665 731 eiam
718 686 859 731 esse
906 664 1333 730 eredentibuS.
1422 662 1613 729 Hunc
1655 668 2040 749 apparatum
2093 664 2378 729 carnifex
2427 663 2848 749 sequebatur.

494 754 729 839 quippe
777 756 1073 837 satrapes
1131 753 1474 837 Aspastes,
1542 751 1620 817 de
1685 775 1812 837 quo
1879 754 2030 817 ante
2083 752 2326 817 dictum
2381 756 2505 838 est,
2559 753 2850 819 interfici

372 856 459 905 -30
495 843 709 909 iussus
765 845 892 907 est:
949 842 1109 907 adeo
1162 862 1283 907 nee
1335 842 1626 907 luxuriae
1672 843 2018 928 quicquam
2063 841 2412 907 erudelitas
2456 862 2575 907 nee
2621 842 2849 908 erude-

498 931 673 997 litati
716 930 973 996 luxuria
1016 931 1259 997 obstat.

568 1127 651 1178 28.
690 1124 899 1179 rebus.
963 1122 1148 1179 Ueber
1184 1123 1291 1178 den
1322 1121 1493 1179 Dativ
1527 1122 1617 1177 fiir
1723 1124 1854 1179 inde
1878 1122 1954 1179 ist
1982 1128 2022 1179 8.
2051 1140 2104 1179 v.
2133 1140 2184 1179 a.
2212 1124 2487 1205 deinceps,
2517 1118 2843 1193 ἐφεξῆς.-

497 1194 607 1250 den
632 1194 808 1251 nahor
829 1193 1127 1264 1183818188
1146 1194 1382 1250 Genetiv
1404 1212 1448 1250 s.
1470 1194 1614 1249 Einl.
1723 1196 1899 1277 quod
1921 1199 1958 1249 t.
1989 1199 2150 1250 erat.
2217 1194 2376 1265 Quod
2409 1193 2483 1249 ist
2510 1194 2716 1250 ebenso
2745 1195 2846 1250 be-

496 1270 527 1331 §
572 1270 640 1319 28
677 1280 728 1320 a.
783 1295 852 1306 —
908 1266 1167 1332 vertit,
1228 1264 1400 1321 11888
1464 1264 1969 1335 ειη-1881111131
2003 1264 2110 1321 wie
2146 1266 2292 1321 illud
2327 1266 2469 1321 oben
2505 1270 2536 1333 ξ
2573 1271 2660 1321 24.

498 1336 1270 1407 881118388.Α8(181·πέ.118
1297 1337 1476 1392 heisst
1501 1354 1616 1391 ver—
1795 1342 1880 1390 29.
1921 1336 2116 1391 Hunc
2143 1341 2562 1407 apparatum.
2627 1336 2844 1393 Adver-

494 1412 605 1462 tere
630 1409 694 1462 in
719 1424 831 1462 rem
859 1407 951 1463 bei
982 1406 1069 1461 0.·
1110 1407 1219 1463 ‘als
1258 1410 1431 1463 etwas
1464 1424 1615 1462 aus·
1724 1407 1930 1463 satives
1983 1407 2060 1461 As
2061 1408 2324 1477 yn.deton
2392 1438 2460 1447 —-
2524 1409 2845 1477 carnifex

495 1478 719 1559 18388,
768 1479 1201 1534 ausdeuten'.
1283 1478 1617 1534 Rficksieht·
1721 1478 2137 1549 metaphoriseh
2161 1478 2254 1532 fiir
2273 1479 2566 1548 supplicia.
2591 1508 2661 1518 -
2685 1485 2847 1535 ante

488 1548 611 1605 -1ich
649 1520 749 1605 des
786 1548 1119 1605 Gedankens
1159 1567 1196 1603 v
1197 1549 1271 1620 31.
1312 1556 1361 1606 8.
1404 1556 1487 1606 10.
1529 1556 1612 1605 18.
1721 1550 1974 1605 dictum
1999 1556 2119 1615 est,
2153 1550 2325 1605 naml.
2355 1549 2500 1605 oben
2525 1554 2558 1615 ξ
2584 1556 2670 1605 21.
2725 1550 2846 1607 Der

497 1650 564 1661 —·
594 1636 921 1690 praesens
958 1626 1168 1687 aetas,
1197 1567 1266 1677 gd.
1304 1621 1341 1676 i.
1378 1621 1480 1677 das
1516 1622 1613 1676 da·
1724 1620 1860 1675 Sinn
1888 1620 1986 1676 des
2012 1619 2316 1690 folgenden
2340 1620 2530 1676 Satzes
2557 1619 2657 1677 ist.
2687 1620 2844 1676 froh-

496 1691 730 1763 malige‚
786 1707 1054 1761 38118881.
1104 1662 1455 1763 ‘d’ermalige'
1508 1691 1614 1747 Ge·
1720 1691 1870 1746 liehe
1887 1691 2382 1762 Ausgelassenheit
2408 1692 2526 1745 und
2543 1692 2845 1776 (1181188111-

496 1733 763 1817 schleeh't.
838 1762 911 1817 So
957 1762 1197 1817 brauoht
1234 1761 1383 1818 Ourt.
1421 1763 1615 1833 haufig
1722 1762 1843 1816 keit
1888 1762 2013 1818 sind
2059 1763 2210 1818 wohl
2253 1761 2548 1818 vereinbar
2589 1763 2651 1819 in
2685 1763 2850 1820 einer

481 1849 749 1903 praesens
783 1832 1001 1889 relativ.
1075 1832 1190 1889 Das
1224 1834 1487 1904 folgende
1524 1835 1614 1889 de-
1720 1833 2185 1890 Mensohenseele.
