3069 4749
320 443 390 493 2⁷
432 421 647 506 gloria
699 442 985 505 parcere.

318 1764 387 1814 32
425 1748 876 1832 precabantur.

432 169 517 234 62

1340 170 1403 236 Q.
1442 168 1665 225 CURTI
1700 169 1874 224 RUFI

428 354 783 417 numquam
828 332 1218 397 cessantem!
1301 329 1429 397 Sed
1472 334 1734 415 tempus
1773 331 1974 397 saluti
2011 352 2164 396 suae
2201 333 2390 395 tanta
2424 332 2557 396 iam
2595 336 2786 417 parta

1096 419 1395 485 Alteram
1460 420 1690 485 deinde
1755 419 2102 504 epistolam
2154 418 2456 484 Philotae
2517 422 2784 489 nomine

429 510 739 593 scriptam
785 510 1027 593 laetus,
1072 508 1244 595 quod
1290 531 1369 574 ex
1413 510 1602 574 vultu
1648 508 1862 573 notari
1908 511 2200 593 poterat,
2243 508 2524 593 legebat.

2614 510 2783 575 Tum

428 599 566 663 eius
611 598 786 663 latus
834 598 1055 683 gladio
1100 596 1322 662 haurit
1358 595 1695 679 Cleander,
1741 595 1972 662 deinde
2017 597 2316 683 iugulum
2359 596 2538 663 ferit:
2585 599 2785 664 ceteri

319 707 391 759 28
428 686 796 751 exanimum
852 707 1107 771 quoque
1162 686 1561 751 confodiunt.

1658 684 1752 750 Et
1813 686 2150 770 armigeri,
2213 686 2326 770 qui
2389 684 2471 750 ad
2531 686 2780 751 aditum
2801 686 2852 749 9

429 776 717 840 nemoris
764 774 1172 858 adstiterant,
1216 775 1480 859 cognita
1516 774 1732 859 caede,
1777 773 1958 839 cuius
1997 794 2194 839 causa
2229 775 2670 859 ignorabatur,
2713 776 2785 841 in

320 877 393 927 29
430 867 649 928 castra
691 863 1082 947 perveniunt
1128 867 1195 927 et
1237 864 1644 927 tumultuoso
1691 861 1923 928 nuntio
1965 862 2210 927 milites
2247 864 2596 928 concitant.
2675 863 2783 929 Illi

428 952 663 1017 armati
710 951 791 1017 ad
836 973 1085 1035 nemus,
1123 952 1191 1017 in
1239 974 1365 1038 quo
1411 953 1790 1036 perpetrata
1835 951 2063 1016 caedes
2109 954 2271 1029 erat,
2317 955 2550 1017 coeunt
2584 956 2668 1037 et,
2712 952 2784 1016 ni

426 1039 818 1123 Polydamas
847 1040 1173 1125 ceterique
1202 1040 1492 1105 eiusdem
1518 1061 1728 1106 noxae
1760 1040 2114 1124 participes
2152 1039 2488 1124 dedantur,
2523 1062 2782 1105 murum

428 1127 897 1194 circumdatum
932 1129 1183 1193 nemori
1220 1150 1558 1194 eversuros
1597 1128 1986 1193 denuntiant
2015 1128 2430 1212 omniumque
2469 1130 2782 1215 sanguine

320 1234 390 1283 3ο
428 1216 578 1283 duci
622 1219 1099 1299 parentaturos.
1198 1215 1518 1283 Cleander
1563 1216 1882 1301 primores
1929 1237 2152 1281 eorum
2195 1216 2554 1283 intromitti
2597 1217 2786 1283 iubet

426 1305 815 1391 litterasque
868 1305 1043 1389 regis
1106 1306 1383 1389 scriptas
1441 1306 1523 1371 ad
1579 1306 1826 1371 milites
1882 1306 2144 1390 recitat,
2208 1305 2442 1388 quibus
2505 1305 2785 1371 insidiae

430 1393 883 1459 Parmenionis
930 1396 999 1459 in
1042 1415 1267 1481 regem
1312 1416 1683 1480 precesque,
1727 1396 1804 1458 ut
1846 1394 2065 1477 ipsum
2110 1393 2534 1479 vindicarent,
2580 1396 2785 1461 conti-

318 1499 386 1549 31
426 1482 765 1547 nebantur.
863 1481 1078 1568 Igitur
1133 1484 1399 1567 cognita
1453 1484 1630 1567 regis
1684 1483 2021 1548 voluntate
2073 1504 2208 1547 non
2262 1482 2520 1567 quidem
2565 1482 2784 1567 indig-

424 1570 627 1655 natiO‚
666 1571 775 1635 sed
815 1573 1037 1636 tamen
1074 1571 1308 1637 seditio
1346 1592 1700 1655 conpressa
1736 1575 1856 1636 est.
1926 1569 2218 1654 Dilapsis
2253 1570 2551 1655 pluribus
2588 1572 2783 1654 pauci

424 1664 892 1744 remanserunt,
930 1659 1061 1745 qui,
1098 1660 1336 1724 saltem
1372 1664 1448 1725 ut
1484 1681 1718 1745 corpus
1753 1660 1961 1743 ipsius
2001 1660 2278 1742 sepelire
2314 1660 2784 1743 permitterent,

972 1747 1107 1813 Diu
1170 1747 1238 1812 id
1291 1752 1606 1832 negatum
1662 1751 1764 1814 est
1818 1746 2122 1815 Cleandri
2179 1750 2385 1832 metu,
2447 1768 2532 1812 ne
2588 1748 2786 1813 offen-

425 1836 611 1902 deret
662 1855 906 1920 regem.
1006 1835 1411 1902 Pertinacius
1476 1836 1706 1901 deinde
1760 1837 2178 1920 precantibus
2233 1835 2576 1901 materiem
2633 1858 2784 1901 con-

426 1925 853 1991 sternationis
900 1924 1409 1991 subtrahendam
1444 1929 1630 1991 ratus
1668 1925 1882 2009 capite
1920 1924 2134 1990 deciso
2171 1929 2474 1991 truncum
2509 1924 2784 1991 humare

314 2032 386 2081 33
423 2014 753 2098 permisit:
800 2013 881 2078 ad
926 2034 1151 2098 regem
1196 2016 1394 2098 caput
1436 2015 1711 2079 missum
1757 2016 1873 2080 est.

598 2102 728 2167 Hic
785 2102 995 2167 exitus
1050 2102 1499 2167 Parmenionis
1546 2102 1674 2167 fuit
1680 2152 1700 2185 ,
1751 2102 2024 2167 militiae
2081 2100 2383 2186 domique
2428 2102 2591 2166 clari
2634 2102 2780 2167 viri.

420 2189 643 2256 Multa
686 2191 825 2256 sine
870 2210 1024 2275 rege
1070 2212 1401 2276 prospere,
1446 2214 1561 2256 rex
1609 2190 1750 2256 sine
1793 2191 1909 2256 illo
1953 2190 2122 2255 nihil
2169 2210 2448 2275 magnae
2494 2190 2590 2255 rei
2636 2212 2782 2275 ges-

427 2282 619 2344 serat.
716 2278 1121 2345 Felicissimo
1175 2280 1319 2366 regi
1376 2282 1442 2343 et
1496 2278 1716 2345 omnia
1771 2278 1853 2343 ad
1913 2279 2214 2343 fortunae
2279 2300 2434 2343 suae
2490 2278 2780 2365 exigenti

422 2519 491 2530 -
528 2489 747 2543 saluti
780 2503 953 2543 suae.
1030 2488 1180 2543 Suae
1214 2488 1323 2544 mit
1358 2489 1549 2560 Bezug

422 2557 526 2614 auf
556 2559 657 2614 das
686 2558 1220 2630 Gedankensubjekt
1245 2577 1313 2614 zu
1339 2566 1550 2630 tempus

420 2634 547 2698 (est)
583 2655 651 2675 =
689 2631 857 2685 debet.

416 2703 423 2712 ⁴
495 2707 581 2756 27.
640 2700 818 2756 Phil.
875 2701 1141 2756 nomine
1194 2719 1237 2756 s.
1284 2707 1314 2767 ξ
1352 2707 1437 2756 16.
1477 2731 1546 2742 -

420 2773 595 2842 quod
623 2815 635 2827 .
658 2816 671 2829 .
692 2813 706 2828 .
730 2777 1017 2842 poterat.
1081 2771 1245 2827 Sinn:
1272 2789 1387 2827 was
1414 2789 1549 2828 man

423 2841 675 2898 deutlich
712 2842 946 2898 ersehen
972 2843 1201 2904 konnte.
1265 2841 1548 2898 Classisch

421 2914 587 2970 daffir
621 2913 793 2970 meist
824 2915 905 2981 id,
940 2916 1088 2984 quod
1113 2919 1335 2983 poterat
1368 2913 1548 2983 (siche

418 2986 563 3041 Einl.
592 2991 625 3050 ξ
654 2991 721 3040 12
749 2988 823 3054 a).
894 2985 1156 3040 Anderen
1184 2985 1320 3039 Sinn
1356 2984 1548 3040 wurde

420 3058 601 3126 geben
646 3061 917 3126 quantum
956 3061 1179 3125 poterat
1223 3057 1360 3110 oder
1403 3056 1550 3126 quod

414 3133 597 3197 posset
624 3129 696 3198 (8.
731 3133 812 3183 12.
843 3128 913 3196 9).
947 3157 1013 3166 —
1041 3127 1284 3181 haurit
1309 3125 1549 3196 fiii-per-

420 3199 565 3265 fodit
608 3198 715 3252 wie
758 3204 807 3255 9.
846 3203 896 3252 5.
938 3202 1021 3254 11.
1106 3197 1327 3252 Ebenso
1376 3197 1553 3252 sehon

422 3269 629 3324 Livius.
680 3296 747 3308 —-
794 3270 1206 3323 exanimum
1259 3284 1574 3338 quoque.

422 3340 782 3395 Uebersetze=
824 3339 1032 3394 ‘auch
1057 3338 1336 3394 nachdem
1364 3355 1425 3392 er
1450 3340 1547 3394 be-

419 3409 559 3466 reits
588 3408 781 3465 seinen
799 3408 960 3464 Geist
985 3409 1340 3479 ausgegeben
1358 3409 1544 3464 hatte'

421 3481 574 3550 oder,
601 3481 677 3536 da
698 3479 758 3534 C.
784 3480 1031 3534 vielfach
1238 3496 1268 3535 e
1292 3479 1353 3534 in
1378 3480 1550 3535 fteier

419 3552 610 3608 Weise
646 3550 752 3606 auf
783 3551 893 3605 den
928 3567 1144 3620 ganzen
1182 3551 1339 3620 Sata,
1377 3551 1550 3605 uomit

420 3622 801 3679 anscheinend
838 3623 983 3677 auch
1010 3621 1114 3676 auf
1134 3621 1548 3693 nachfolgende

419 3694 619 3751 Worte
646 3692 871 3749 bezieht
906 3693 971 3762 (s.
1000 3693 1146 3750 Einl.
1176 3699 1205 3758 ἓ
1235 3699 1297 3748 51
1324 3695 1397 3762 e),
1440 3693 1546 3747 ‘sie

420 3765 815 3821 durchbohren
868 3763 969 3818 ihu
1028 3764 1209 3818 noch
1274 3781 1546 3818 ausser-

420 3836 593 3904 dem,
631 3835 717 3890 als
754 3851 817 3890 er
850 3835 1059 3891 bereits
1085 3835 1214 3890 todt
1236 3834 1398 3891 war'.
1464 3835 1547 3888 Zu

417 3908 696 3964 beachten
740 3905 819 3962 ist
853 3907 955 3960 das
992 3905 1381 3975 compositum
1417 3921 1544 3961 con·

442 3980 617 4035 odere.

416 3981 453 4047 f
491 4055 576 4105 28.
615 4049 709 4105 Et
743 4049 1082 4119 armiyeri.
1156 4047 1257 4114 Et,
1296 4047 1406 4102 den
1440 4064 1543 4101 un-

418 4120 783 4176 mittelbaren
803 4118 1293 4188 Zusammenhang
1317 4118 1419 4173 der
1444 4117 1546 4171 Er-

421 4191 698 4317 eilgnlissfd
723 4190 1131 4260 bezeichnend,
1194 4215 1263 4236 εει
1320 4189 1549 4244 sofort

422 4277 459 4315 a
499 4278 526 4315 s
585 4278 622 4316 a
702 4305 714 4316 .

494 4337 580 4387 29.
630 4334 1151 4400 circumdatum‚·
1192 4332 1308 4404 vgl.
1356 4347 1548 4387 mwrus

1657 2489 2052 2556 civ-emnam,
2105 2487 2263 2543 Caes.
2310 2487 2366 2547 b.
2403 2505 2458 2558 g.
2499 2495 2548 2543 1.
2586 2491 2674 2542 38.
2713 2519 2782 2528 —

1647 2565 2168 2630 parentatwros,
2214 2576 2257 2613 s.
2308 2564 2357 2614 5.
2397 2565 2447 2614 6.
2486 2567 2536 2614 1.
2573 2576 2785 2628 paren-

1655 2633 1903 2687 tandum.

1728 2708 1813 2757 30.
1870 2702 2176 2756 insidiae
2217 2701 2307 2755 fiir
2348 2701 2604 2756 narratio
2648 2701 2786 2754 insi·

1657 2773 1898 2828 diarum.

1729 2849 1814 2898 31.
1851 2859 1986 2899 non
2019 2845 2318 2913 quidem.
2351 2882 2364 2895 .
2393 2843 2530 2909 sed,
2559 2858 2601 2896 s.
2632 2839 2782 2896 Einl.

1655 2919 1686 2980 ξ
1706 2921 1773 2970 51
1795 2914 1920 2968 f.—
1941 2915 2265 2983 pluribus
2290 2915 2344 2968 d.
2364 2915 2402 2969 i.
2421 2919 2538 2975 τοῖς
2564 2914 2784 2967 πλείοσι

1657 2985 1732 3041 So
1761 2985 2054 3040 mehrfach
2077 2984 2174 3040 bei
2201 2985 2442 3053 Curtius,
2469 2983 2577 3038 wie
2605 2983 2784 3038 sehon

1654 3055 1751 3112 bei
1784 3053 1997 3111 Livius.
2035 3085 2104 3096 --
2142 3057 2368 3126 ipsius
2405 3054 2780 3124 emphatisch.

1659 3125 1822 3182 Sinn:
1883 3126 2038 3180 ihres
2099 3127 2397 3182 verehrten
2456 3123 2780 3180 Feldherrn.

1657 3197 1762 3252 Die
1797 3197 1946 3253 nahe
1981 3197 2243 3268 liegende
2269 3196 2610 3265 Aenderung
2642 3196 2784 3264 ipsis

1656 3268 1736 3324 ist
1770 3268 1944 3323 daher
1979 3267 2132 3323 wohl
2165 3267 2327 3322 nicht
2359 3266 2575 3348 nothig.

1730 3345 1816 3394 32.
1854 3345 2052 3404 metu,
2087 3339 2311 3393 kfihner
2343 3338 2646 3394 Ablativus
2680 3336 2782 3390 des

1658 3409 1926 3466 Grandes.
2001 3410 2162 3464 Doch
2198 3426 2242 3465 s.
2279 3408 2426 3463 Einl.
2463 3414 2494 3474 ξ
2531 3411 2602 3463 30
2637 3406 2677 3462 f.

1729 3485 1814 3538 33.
1851 3481 1956 3536 Λᾶ
1989 3480 2529 3550 regem,·betonter
2565 3477 2782 3547 Gegan-

1655 3554 1774 3607 sats
1827 3570 1894 3606 zu
1947 3551 2333 3621 precantibus,
2395 3550 2503 3605 wie
2556 3550 2784 3604 missum

1655 3628 1732 3678 est
1785 3641 1853 3676 zu
1907 3623 2132 3676 humare
2173 3622 2443 3691 permisit.
2481 3649 2551 3662 -
2601 3619 2784 3675 nihil

1653 3709 1932 3764 magnae
1976 3693 2102 3761 rei,
2153 3692 2296 3748 ‘von
2331 3691 2598 3762 Belang’.
2672 3688 2782 3744 Die

1652 3763 2157 3904 324‘233‘33233}
2169 3761 2649 3889 Βῖῗὲᾚῗὲξέἒ
2673 3777 2782 3885 ἳὲἷ

2166 3875 2181 3901 ἱ

1654 3907 1765 3961 den
1810 3905 1933 3960 drei
1977 3921 2208 3976 grossen
2253 3902 2783 3974 Hauptschlachten

1653 3983 1774 4046 334,
1810 3980 1934 4046 333,
1973 3981 2077 4031 331
2113 3974 2462 4046 mitgewirkt
2496 3975 2672 4028 hatte.
2711 4004 2781 4012 —

1652 4048 1969 4120 eoeiyenti.
2006 4047 2114 4102 Die
2133 4046 2537 4101 Redensartad
2560 4045 2783 4100 modum

1653 4120 1895 4175 alicuius
1929 4119 2012 4173 rei
2047 4118 2263 4188 aliquid
2298 4119 2539 4192 ecpiqere,
2578 4115 2780 4171 ‘etwas

1654 4207 1728 4245 an
1753 4191 1882 4246 dem
1908 4189 2222 4244 Massstabe
2250 4188 2405 4243 einer
2425 4187 2604 4242 Sache
2629 4201 2781 4240 mes-

1655 4262 1776 4316 sen’
1793 4303 1809 4329 ,
1861 4261 1940 4315 ist
1981 4258 2383 4329 naehgebildet
2427 4259 2538 4312 den
2585 4254 2781 4310 classi-

1655 4332 1826 4387 sehen
1879 4330 2129 4386 Phrasen
2181 4330 2258 4385 ad
2301 4327 2781 4398 perpendiculum,
