3069 4749
883 115 1397 172 HISTORIARUM
1432 113 1865 171 ALEXANDRI
1900 113 2024 184 VII,
2064 121 2146 169 11.

222 286 313 351 42
330 305 464 349 non
507 285 647 346 tam
694 279 1162 346 liberalitatem
1206 277 1449 343 intueri
1495 298 1737 360 meam,
1794 299 1989 361 quam
2035 275 2480 342 voluntatem?

2570 115 2693 179 101

333 369 570 437 animis
625 389 852 454 regem
907 367 1276 452 audierunt,
1329 369 1403 430 ut
1449 363 1581 430 iam
1628 365 1879 448 cepisse
1933 365 2242 430 verticem
2301 365 2697 431 viderentur:

331 459 710 544 dimissique
755 456 1002 522 ferreos
1040 476 1306 539 cuneos,
1361 477 1524 538 quos
1571 455 1739 518 inter
1786 475 1944 520 saxa
1991 453 2377 539 defigerent,
2422 454 2699 520 validos-

331 571 458 635 que
513 548 698 613 funes
751 545 1098 632 parabant.
1186 542 1326 608 Rex
1382 543 1849 608 circumvectus
1904 545 2187 627 petram,
2230 565 2375 627 vqua
2430 542 2697 608 minime
2738 563 2806 612 14

330 659 524 790 {⁸9³³
580 658 680 788 ²5.
714 637 1146 788 Prieffipssffii
1161 631 1376 785 affl?
1432 630 2700 786 Ῡὲιᾶιῗῦἒιέζῖἑηὲῗῖἒᾶῖ11ῗὲὲίἶὶωὲἚὲ

335 745 845 900 gldltliigemblifo’
861 741 1056 894 atqffie
1101 808 1313 875 hastis
1353 771 1591 874 armati
1638 807 1857 873 subire
1898 813 2269 892 coeperunt.
2341 807 2441 873 Ac
2486 743 2695 893 primo
2739 829 2805 879 15

335 903 611 987 pedibus
664 899 944 985 ingressi
993 902 1167 964 sunt:
1223 897 1453 964 deinde
1498 900 1577 962 ut
1627 897 1700 961 in
1751 900 2106 981 praerupta
2150 901 2538 980 perventum
2583 899 2703 1000 est,

337 991 454 1056 alii
523 988 828 1055 manibus
893 986 1248 1052 eminentia
1319 1008 1479 1051 saxa
1544 986 1843 1070 conplexi
1914 985 2214 1051 levavere
2278 990 2513 1070 semet,
2587 987 2702 1050 alu
2814 993 2819 998 ’

339 1077 608 1145 adiectis
673 1077 923 1142 funium
987 1074 1238 1160 laqueis
1301 1095 1592 1153 evasere,
1661 1073 1955 1160 quidam,
2020 1096 2167 1140 cum
2230 1095 2465 1141 cuneos
2530 1075 2703 1139 inter

337 1190 498 1233 saxa
536 1165 892 1251 defigerent
925 1169 998 1229 ut
1031 1162 1299 1250 gradus,
1347 1163 1621 1229 subinde
1660 1163 1805 1248 quis
1838 1162 2241 1250 insisterent.
2301 1162 2497 1246 Diem
2526 1163 2704 1252 ,inter

339 1259 588 1322 metum
641 1255 1060 1338 laboremque
1108 1256 1667 1337 consumpserunt.
1758 1243 2701 1336 Per,sa{s13era.³njsis⁴.du}iora
2740 1273 2805 1322 16

337 1344 675 1410 restabant
737 1346 804 1407 et
869 1362 1155 1407 crescere
1231 1340 1510 1406 altitudo
1581 1345 1820 1425 petrae
1884 1341 2301 1429 videbaturpo
2331 1339 2489 1429 ,11111ὲ
2520 1362 2697 1411 „uero

336 1431 733 1498 miserabilis
771 1433 913 1496 erat
947 1429 1177 1514 facies,
1213 1451 1360 1496 cum
1394 1429 1470 1513 ii,
1507 1451 1671 1514 quos
1707 1421 2054 1505 instabilis,
2078 1423 2703 1512 ἕῗαᾶαεξΐξῌῖθᾷῥῇξ

337 1543 418 1588 ex
471 1519 815 1606 praecipiti
859 1518 1378 1584 devolverentur:
1433 1539 1588 1583 mox
1634 1517 1859 1583 eadem
1914 1518 1985 1583 in
2030 1539 2100 1582 se
2144 1517 2457 1602 patienda
2502 1518 2701 1583 alieni

341 1631 528 1674 casus
575 1607 960 1674 ostendebat
1007 1607 1389 1691 exemplum.
1478 1606 1604 1672 Per
1656 1606 1779 1672 has
1831 1609 2053 1672 tamen
2098 1605 2519 1672 difficultates
2568 1607 2700 1672 eni·
2740 1626 2807 1677 17

337 1700 570 1762 tuntur
635 1697 704 1761 in
757 1695 1069 1761 verticem
1123 1696 1396 1778 montis,
1459 1716 1682 1760 omnes
1737 1694 2127 1780 fatigatione
2184 1694 2548 1760 continuati
2612 1695 2703 1759 la·

339 1786 520 1851 boris
579 1784 847 1870 adfecti,
909 1783 1200 1870 quidam*
1227 1783 1500 1849 mulcati
1560 1787 1750 1868 parte
1806 1784 2273 1868 membrorum,
2334 1784 2703 1867 pariterque

342 1896 453 1941 eos
501 1877 566 1940 et
610 1895 741 1939 nox
788 1876 854 1938 et
901 1894 1164 1938 somnus
1211 1872 1555 1957 oppressit.
1636 1870 1874 1937 Stratis
1919 1873 2169 1956 passim
2208 1871 2587 1955 corporibus
2634 1873 2705 1937 in
2741 1891 2810 1942 18

341 1963 534 2028 inviis
593 1965 659 2027 et
723 1963 972 2046 asperis
1038 1983 1342 2028 saxorum
1406 1960 1681 2045 periculi
1740 1961 2048 2026 instantis
2106 1960 2300 2026 obliti
2360 1961 2429 2026 in
2493 1961 2704 2026 lucem

344 2051 752 2136 quieverunt:
797 2051 1213 2134 tandemque,
1257 2049 1442 2115 velut
1488 2072 1566 2113 ex
1614 2049 1750 2116 alto
1793 2071 2027 2133 sopore
2075 2049 2372 2134 excitati,
2418 2048 2704 2117 occultas

345 2139 796 2224 subiectasque
842 2138 1006 2222 ipsis
1044 2138 1248 2204 valles
1286 2137 1629 2222 rimantes,
1674 2138 1915 2223 ignari,
1960 2139 2028 2203 in
2076 2161 2205 2224 qua
2246 2142 2436 2222 parte
2481 2141 2704 2222 petrae

341 2230 531 2294 tanta
583 2227 682 2292 vis
737 2226 1028 2292 hostium
1075 2227 1338 2292 condita
1383 2231 1583 2310 esset,
1638 2226 1891 2292 fumum
1937 2249 2133 2311 specu
2186 2226 2361 2292 infra
2410 2249 2479 2292 se
2524 2227 2704 2312 ipsos

343 2317 676 2383 evolutum
733 2319 1142 2383 notaverunt.
1231 2313 1335 2381 Ex
1381 2337 1508 2401 quo
1556 2314 1992 2401 intellectum,
2047 2315 2234 2381 illam
2280 2315 2568 2382 hostium
2614 2315 2703 2382 la·
2743 2335 2811 2387 19

339 2408 597 2472 tebram
636 2428 796 2471 esse.
865 2406 1099 2491 Itaque
1134 2404 1343 2471 hastis
1382 2405 1745 2490 inposuere,
1784 2406 1954 2491 quod
1984 2409 2387 2489 convenerat,
2426 2406 2707 2493 signum.

341 2495 640 2580 Totoque
687 2517 722 2559 e
768 2515 1035 2559 numero
1083 2512 1136 2559 11
1181 2497 1248 2559 et
1292 2512 1440 2559 xxx
1495 2494 1567 2559 in
1612 2516 1882 2559 ascensu
1935 2494 2235 2561 interisse
2281 2495 2707 2581 adgnoscunt.

343 2718 873 2789 philos-grammat.
900 2719 1323 2789 Kunstsprache
1354 2736 1473 2775 war

333 2791 628 2860 proportio
653 2788 714 2844 in
733 2790 945 2845 diesem
965 2790 1136 2844 Sinne
1164 2790 1470 2859 gebrauch-

343 2860 477 2915 lich.
526 2890 596 2899 —
640 2860 1054 2915 voluntatem
1091 2884 1159 2905 =
1205 2860 1474 2916 meinen

344 2930 620 2999 Befehl,
654 2930 972 2985 Wunsch.

420 3008 502 3057 14.
540 3002 714 3071 quod
759 3002 916 3057 bene
961 3005 1275 3068 verteret,
1325 3002 1472 3057 auch

344 3072 439 3128 bei
467 3071 664 3127 Livius
701 3089 763 3127 so
800 3072 1224 3142 parenthetisch
1251 3098 1320 3119 ===
1349 3088 1472 3128 cum

343 3144 504 3199 bonis
549 3144 840 3201 ominibus
915 3142 1044 3214 Vgl.
1095 3150 1143 3199 5.
1182 3150 1234 3199 4.
1276 3148 1360 3200 12.
1401 3176 1468 3183 —

341 3215 477 3270 alis·
517 3215 830 3270 manibus
864 3217 998 3283 etc.;
1041 3214 1170 3270 'dies
1216 3214 1470 3271 konnten

342 3286 434 3341 die
471 3286 672 3342 benten
707 3286 992 3341 Kletterer
1029 3285 1350 3341 ausfl'ihren.

416 3360 500 3412 15.
547 3357 840 3413 adiectis
890 3357 1154 3426 laqueis
1201 3356 1254 3410 d.
1293 3356 1349 3411 h.
1397 3373 1470 3411 an

345 3426 558 3495 Seilen,
623 3428 794 3483 deren
851 3426 1042 3483 Schlin
1085 3444 1156 3481 en
1219 3444 1316 3481 um
1377 3426 1468 3483 die

343 3496 638 3553 eminentia
681 3514 826 3554 saxa
870 3515 982 3555 von
1033 3498 1046 3511 '
1089 3514 1191 3552 ren
1226 3497 1468 3553 Vorder-

345 3570 617 3623 mannern
679 3569 873 3639 gelegt
925 3569 1062 3625 oder
1128 3585 1240 3625 von
1293 3568 1467 3624 ihnen

346 3637 524 3692 selbst
565 3638 848 3706 geworfen
890 3640 1120 3695 worden
1157 3656 1362 3697 waren.
1401 3671 1468 3681 --

343 3708 603 3777 aradus
635 3734 702 3755 ==
741 3709 1006 3779 Stufen3
1045 3710 1277 3766 subinde
1305 3736 1374 3757 ==
1405 3706 1470 3765 ἐκ

345 3778 644 3849 διαδοχῆς,
700 3796 828 3835 von
882 3782 1100 3836 einem
1155 3800 1299 3837 zum
1353 3798 1469 3837 an·

345 3848 526 3905 dern.
595 3848 783 3905 Etwas
819 3852 1022 3920 ander-s
1059 3851 1330 3908 schildert
1363 3853 1468 3907 Ar-

343 3919 470 3975 rian
515 3920 606 3975 die
655 3920 860 3989 Sache3
914 3924 1062 3977 nach
1114 3923 1234 3977 ihm
1281 3940 1469 3978 waren

345 3990 436 4047 die
467 3991 771 4061 Schlingen
798 4010 868 4048 an
907 3994 1015 4049 den
1044 3993 1208 4048 cunei
1234 3989 1468 4064 (πάσσα-

341 4064 452 4129 λοι)
495 4062 780 4189 118111εὴ131.
857 4064 984 4133 Vgl.
1030 4064 1298 4133 fibrigens
1344 4062 1467 4120 Liv.

345 4138 430 4189 28.
469 4139 555 4188 20.
594 4141 628 4188 4
673 4150 704 4189 c
723 4150 853 4191 avos
888 4152 996 4203 per
1040 4134 1256 4191 modica
1297 4136 1468 4189 inter-

343 4204 495 4259 valla
545 4205 797 4275 fiyentes,
853 4221 976 4261 cum
1027 4206 1209 4260 velut
1258 4206 1471 4276 yradue

343 4274 622 4342 fecissent,
665 4277 730 4331 in
763 4292 1034 4331 summum
1069 4276 1326 4332 evadunt.

1655 2726 1738 2776 16.
1772 2722 1988 2789 facies
2007 2746 2077 2767 ==
2095 2723 2314 2790 species,
2340 2724 2709 2791 spectaculum

1580 2790 1687 2847 wie
1724 2796 1774 2847 8.
1817 2797 1899 2846 14.
1940 2798 2006 2846 2⁷
2045 2810 2100 2847 u.
2138 2798 2189 2847 δ.
2230 2822 2298 2833 —-
2344 2793 2708 2849 instabilis

1578 2864 1835 2933 aradus
1870 2863 1984 2933 vgl.
2025 2864 2074 2917 8.
2118 2868 2200 2918 11.
2243 2868 2307 2917 13
2359 2865 2612 2919 instabili
2656 2870 2707 2919 et

1580 2933 1789 2991 lubrico
1825 2935 2024 3032 gradu.
2065 2964 2132 2973 —
2169 2948 2314 2989 mox
2349 2935 2705 3003 patienda.

1580 3003 1749 3059 Sinn:
1849 3004 1979 3061 dass
2041 3004 2135 3059 ein
2190 3004 2353 3075 jeder
2414 3004 2550 3061 bald
2614 3004 2708 3061 ein

1559 3073 1841 3130 'Gleiches
1887 3092 1968 3131 an
2020 3075 2167 3130 sich
2212 3074 2397 3130 werde
2443 3075 2706 3131 erfahren

1579 3146 1847 3202 mussen’.
1901 3146 2031 3217 Vgl.
2068 3148 2133 3202 in
2166 3162 2249 3201 me
2282 3147 2429 3201 illud
2454 3152 2710 3217 expertus

1578 3232 1701 3270 sum
1710 3257 1729 3283 ,
1766 3218 1913 3286 quod
1948 3222 2112 3272 antea
2148 3217 2214 3271 in
2248 3218 2381 3273 aliie
2420 3216 2578 3289 (Cic.)

1654 3292 1737 3342 17.
1783 3288 2218 3358 fatiyatione.
2302 3288 2466 3343 Auoh
2516 3289 2703 3355 Quint.

1582 3363 1665 3412 11.
1696 3364 1746 3412 2.
1784 3363 1852 3413 43
1891 3360 2044 3429 sagtz
2082 3358 2242 3414 cuius
2274 3360 2533 3427 (laboris)
2570 3361 2703 3429 fati-

1577 3429 1731 3497 yatio
1776 3430 2039 3485 obstabat.
2082 3461 2146 3469 —
2264 3432 2551 3513 pressit,
2598 3446 2703 3484 er-

1584 3499 1777 3568 eilte‚
1814 3500 2137 3555 fiber-fiel.
2259 3504 2309 3556 it
2334 3501 2535 3556 beiden
2565 3502 2703 3556 Sub-

1582 3570 1867 3626 stantiven
1899 3571 2041 3626 wird
2078 3573 2380 3641 opprimere
2414 3572 2609 3641 haufig
2642 3572 2705 3627 in

1580 3640 1794 3695 diesem
1833 3641 2003 3697 Sinne
2040 3643 2381 3698 verbunden.

1654 3716 1737 3769 18.
1775 3713 1849 3767 in
1883 3713 2101 3768 inviis
2126 3730 2465 3781 saxorum,
2495 3713 2702 3772 s.Einl.

1578 3787 1609 3847 ς
1632 3787 1701 3836 29
1721 3798 1771 3837 a.
1791 3814 1863 3824 —
1888 3784 2385 3854 subiectasqne;
2421 3784 2706 3855 logischer

1576 3857 1753 3909 ware:
1781 3870 1887 3910 occ.
1907 3855 2077 3911 valles
2093 3856 2233 3924 ipsis
2251 3856 2537 3922 subiectas,
2556 3855 2705 3923 doch

1578 3940 1619 3979 s.
1649 3923 1793 3979 Einl.
1822 3930 1853 3991 g
1881 3930 1951 3980 46
1979 3944 2033 3996 g.
2061 3956 2123 3967 -
2155 3940 2353 3994 specu
2374 3941 2489 3980 ===e
2522 3942 2706 3995 specu,

1577 3994 1691 4063 vgl.
1740 4002 1790 4051 8.
1839 4001 1889 4050 4.
1938 4002 1970 4051 9
2026 3997 2295 4051 evolutum
2340 4012 2405 4051 ex
2460 3998 2703 4066 tuyaem'is

1576 4065 1808 4131 fumum.

1652 4142 1734 4193 19.
1787 4136 2077 4207 Totoque
2122 4139 2228 4193 etc.
2311 4135 2479 4192 Diese
2532 4136 2699 4192 Notiz

1576 4205 1814 4275 gehorte
1858 4210 2006 4263 nach
2056 4213 2087 4273 ξ
2129 4213 2211 4262 17.
2294 4207 2457 4263 Doch
2500 4207 2603 4262 hat
2638 4206 2695 4264 C.

1576 4276 1772 4347 haufig
1850 4278 2039 4335 solche
2125 4277 2447 4349 nachlassig
2526 4279 2698 4334 nach-

2570 277 2692 342 His
2733 297 2800 347 18
