3069 4749
430 176 561 242 194

1336 178 1400 240 Q.
1440 178 1660 231 OURTI
1693 179 1869 231 RUFI

425 338 923 494 3ξὲωέθᾷἘο
949 339 2216 513 ἔξέζέθῗῃὲἓεὲἓᾟᾙξξὲῗὲιῇἶῗ
2255 338 2561 495 Βὲζῗὲο
2576 364 2782 496 {13¹}ssss

356 524 391 575 2
427 516 901 603 parentandum
948 538 1091 583 esse
1136 516 1513 585 maioribuS.
1603 516 1871 602 Iamque
1916 517 2182 583 barbari
2227 517 2480 583 deserto
2518 519 2779 603 oppido,

428 629 556 690 qua
603 626 923 691 quemque
967 609 1179 672 metus
1226 605 1492 690 agebat,
1546 605 1964 692 diffugerant,
2018 626 2166 672 cum
2209 628 2325 672 rex
2382 608 2778 693 phalangem

426 694 596 761 nihil
644 696 985 760 cunctatus
1028 694 1297 760 inducit.
1368 693 1616 759 Multas
1659 695 1852 760 urbes
1891 694 2164 761 refertas
2211 696 2547 780 opulentia
2591 698 2780 781 regia

425 784 668 869 partim
733 785 1217 869 expugnaverat
1279 784 1520 867 partim
1591 783 1662 849 in
1731 783 1925 849 fidem
1989 788 2353 869 acceperat,
2417 786 2530 850 sed
2587 786 2777 875 'urbis

356 892 390 941 3
426 874 619 939 huius
666 872 931 938 divitiae
976 872 1187 937 vicere
1231 874 1605 956 praeterita.
1692 871 1772 936 In
1816 873 1986 937 hanc
2041 873 2241 939 totius
2287 871 2570 939 Persidis
2615 895 2778 958 opes

428 965 889 1047 congesseram
950 960 1241 1026 barbari:
1305 982 1533 1026 aurum
1597 964 2069 1047 argentumque
2142 963 2542 1027 cumulatum
2614 966 2778 1047 erat,

426 1050 628 1115 vestis
676 1050 905 1136 ingens
951 1049 1179 1115 modus
1190 1100 1208 1134 ,
1264 1051 1553 1135 supellex
1596 1072 1731 1116 non
1775 1050 1859 1116 ad
1905 1072 2120 1136 usum,
2179 1050 2292 1116 sed
2348 1052 2430 1116 ad
2485 1055 2776 1117 ostenta-

356 1158 391 1207 4
429 1139 672 1205 tionem
717 1139 907 1203 luxus
944 1141 1319 1224 conparata.
1407 1138 1640 1223 Itaque
1685 1138 1858 1204 inter
1909 1139 2088 1223 ipsos
2134 1140 2414 1205 victores
2461 1139 2634 1206 ferro
2681 1140 2777 1205 di-

428 1228 807 1293 micabatur.
863 1226 991 1293 Pro
1026 1228 1215 1293 hoste
1262 1232 1421 1312 erat,
1466 1229 1578 1312 qui
1622 1228 2077 1312 pretiosiorem
2113 1232 2544 1312 occupaverat
2588 1251 2776 1313 prae-

430 1317 605 1383 damt
666 1320 732 1381 et
790 1338 935 1382 cum
996 1318 1241 1397 omnia,
1298 1338 1465 1401 quae
1518 1310 1949 1401 recipiebant,
2005 1338 2237 1402 capere
2294 1338 2428 1383 non
2484 1321 2778 1403 possent,

356 1426 389 1474 5
426 1406 559 1471 iam
612 1427 717 1471 res
779 1427 915 1471 non
978 1406 1497 1491 occupabantur,
1563 1406 1678 1471 sed
1742 1406 2273 1472 aestimabantur.

2363 1404 2778 1472 Lacerabant

425 1494 643 1579 regias
689 1498 929 1579 vestes,
985 1493 1068 1559 ad
1114 1516 1183 1559 se
1232 1494 1502 1579 quisque
1557 1496 1814 1579 partem
1868 1494 2232 1561 trahentes:
2291 1494 2579 1561 dolabris
2632 1518 2777 1580 pre-

425 1583 633 1649 tiosae
680 1584 838 1648 artis
884 1605 1042 1649 vasa
1088 1583 1464 1650 caedebant.
1529 1583 1714 1649 Nihil
1757 1604 1968 1668 neque
2013 1584 2334 1650 intactum
2381 1588 2522 1650 erat
2565 1606 2779 1670 neque

426 1673 753 1757 integrum
789 1672 1146 1738 ferebatur:
1193 1673 1473 1756 abrupta
1510 1672 2010 1739 simulacrorum
2045 1672 2355 1757 membra,
2393 1676 2467 1737 ut
2502 1673 2779 1758 quisque

357 1782 389 1830 6
429 1761 753 1845 avellerat,
812 1760 1135 1827 trahebat.
1224 1759 1453 1847 Neque
1508 1762 1785 1827 avaritia
1845 1763 2084 1841 solum,
2141 1762 2252 1826 sed
2307 1762 2504 1827 etiam
2561 1761 2781 1827 crude-

427 1851 579 1916 litas
625 1850 697 1914 in
742 1854 936 1935 capta
980 1851 1140 1915 urbe
1188 1854 1489 1935 grassata
1534 1854 1660 1917 est:
1709 1871 1866 1916 auro
1913 1854 2310 1936 argentoque
2357 1851 2574 1915 onusti
2619 1851 2786 1923 vilia

430 1939 835 2023 captivorum
878 1960 1151 2023 corpora
1194 1939 1636 2019 trucidabant,
1685 1940 2057 2025 passimque
2103 1939 2278 2005 obvii
2325 1940 2782 2019 caedebantur,

359 2046 390 2097 7
430 2050 591 2113 quos
638 2031 831 2093 antea
866 2029 1148 2112 pretium
1190 2029 1291 2092 sui
1328 2029 1720 2094 miserabilis
1749 2028 2010 2094 fecerat.
2083 2027 2278 2093 Multi
2305 2048 2461 2113 ergo
2490 2028 2779 2093 hostium

428 2138 660 2181 manus
720 2116 1087 2182 voluntaria
1142 2121 1351 2182 morte
1407 2120 1912 2201 occupaverunt,
1966 2116 2437 2201 pretiosissima
2495 2117 2779 2182 vestium

422 2204 639 2291 induti
686 2226 719 2269 e
767 2205 967 2269 muris
1014 2205 1395 2288 semetipsos
1442 2226 1591 2269 cum
1639 2205 2024 2289 coniugibus
2073 2225 2150 2268 ac
2205 2204 2430 2269 liberis
2476 2205 2550 2268 in
2594 2226 2779 2289 prae-

428 2314 581 2378 ceps
628 2292 954 2357 iacienteS.
1046 2291 1323 2369 Quidam
1367 2292 1573 2378 ignes,
1611 2292 1782 2378 quod
1817 2293 2012 2376 paulo
2049 2295 2200 2378 post
2238 2291 2524 2357 facturus
2563 2293 2782 2359 hostis

426 2381 787 2465 videbatur,
834 2381 1238 2446 subiecerant
1284 2381 1549 2445 aedibus
1558 2429 1577 2463 ,
1630 2384 1706 2446 ut
1759 2403 1906 2446 cum
1954 2381 2088 2460 suis
2134 2381 2267 2446 vivi
2325 2386 2784 2449 cremarentur.

356 2491 390 2542 8
430 2469 721 2534 Tandem
785 2490 937 2534 suos
1002 2491 1115 2534 rex
1172 2469 1556 2553 corporibus
1623 2471 1690 2534 et
1753 2469 1934 2534 cultu
1997 2469 2392 2534 feminarum
2453 2470 2783 2537 abstinere

426 2558 634 2622 iussit.
696 2557 939 2642 Ingens
978 2557 1273 2641 captivae
1310 2557 1624 2643 pecuniae
1661 2558 1890 2624 modus
1927 2559 2228 2641 traditur,
2255 2580 2460 2643 prope
2487 2563 2561 2624 ut
2587 2560 2783 2625 fidem

358 2669 391 2718 9
431 2645 712 2712 excedat.
803 2643 1105 2712 Ceterum
1162 2650 1276 2712 aut
1335 2647 1413 2712 de
1468 2647 1618 2712 aliis
1675 2668 1933 2733 quoque
1988 2647 2433 2713 dubitabimus
2479 2652 2594 2714 aut
2652 2671 2785 2714 cre-

429 2735 674 2820 demuS,
710 2735 781 2800 in
816 2735 1009 2801 huius
1056 2735 1237 2801 urbis
1285 2756 1447 2821 gaza
1490 2735 1695 2802 fuisse
1743 2753 1783 2802 c
1832 2741 1899 2801 et
1933 2755 2029 2801 xx
2073 2738 2256 2803 milia
2298 2737 2651 2819 talentum:
2700 2737 2780 2802 ad

428 2944 618 2984 waren
668 2927 757 2984 die
809 2928 1131 2983 bekannten
1185 2927 1553 3000 ‘Konigsgra-

427 2999 551 3054 ber'
574 2999 635 3054 in
664 3001 775 3055 den
790 2999 999 3054 Felsen
1021 2999 1384 3068 eingehauen.
1423 2999 1554 3055 Alle

431 3069 584 3126 diese
614 3069 1047 3127 Baulichkeiten
1073 3086 1265 3125 waren
1301 3070 1409 3125 mit
1444 3071 1551 3126 rei-

430 3141 571 3196 chen
636 3142 981 3212 Skulpturen
1032 3141 1149 3196 und
1202 3141 1558 3197 zahlreichen

433 3211 774 3268 Inschriften
808 3213 1191 3282 geschmiickt.

504 3288 552 3336 2.
600 3285 819 3339 vicere
864 3285 1273 3352 praeterita,
1326 3283 1554 3338 ‘fiber-

430 3353 635 3409 boten
664 3354 839 3409 alles
866 3353 1377 3424 Dagewesene’3
1406 3354 1554 3407 auch

430 3424 595 3480 Diod.
633 3426 812 3479 nennt
860 3425 951 3480 die
998 3425 1164 3480 Stadt
1207 3419 1554 3480 πλουσιωτά-

432 3515 559 3622 mgr
584 3495 700 3622 ρξε’
746 3491 881 3578 §nb-
917 3490 1036 3619 “3²ss
1070 3489 1232 3620 ἥίἰιον
1287 3494 1403 3550 und
1455 3495 1555 3550 be-

433 3584 489 3622 sc
560 3581 614 3621 e1
700 3582 795 3621 sie
835 3584 925 3622 em
965 3584 994 3622 e
1039 3583 1108 3621 en
1151 3605 1163 3620 .

506 3644 556 3694 3.
593 3639 824 3706 vestis,
862 3584 1108 3708 Zeguge,
1148 3636 1398 3706 Stoffe,
1426 3637 1553 3692 s.E.

435 3716 487 3766 6.
526 3739 595 3750 —-
630 3710 859 3765 modas
892 3709 984 3763 fiir
1019 3711 1204 3779 copia,
1242 3710 1388 3764 auch
1424 3713 1457 3774 ξ
1492 3713 1555 3775 83

437 3787 487 3838 6.
526 3787 577 3835 4.
616 3786 713 3848 21,
755 3779 835 3834 ist
874 3780 991 3836 nkl.
1039 3810 1107 3821 —·
1154 3784 1559 3848 conparata,

432 3852 543 3908 wie
578 3852 638 3907 in
664 3850 915 3921 gleicher
940 3850 1307 3920 Verbindung
1334 3854 1561 3907 exactus

438 3931 486 3978 1.
527 3927 628 3991 233
664 3926 971 3978 instructus
1010 3928 1056 3977 1.
1096 3928 1182 3977 36.

506 4000 559 4052 4.
594 3994 1052 4064 recipiebant;
1096 3994 1330 4062 recipere
1364 3992 1441 4048 ist
1477 4009 1562 4046 an

436 4066 584 4120 sich
638 4067 948 4133 nehmen,
1001 4063 1397 4130 aufsackem
1450 4080 1562 4119 ca·

430 4152 589 4205 pere
639 4137 1166 4207 unta-bringeri,
1222 4134 1562 4218 fort-brin-

438 4221 565 4329 ἐᾷς
572 4224 935 4334 ..ῑέεῆῖς
945 4210 1023 4334 ⁶33:
1034 4213 1203 4335 312ssss
1210 4206 1562 4334 effluxu:

440 4346 665 4415 gerafft,
696 4365 740 4405 s.
778 4355 825 4405 3.
867 4355 916 4404 2.
958 4356 1041 4409 15.

1733 2934 1783 2984 5.
1817 2930 2166 2999 pretiosae
2203 2931 2408 2996 artis,
2436 2946 2547 2985 von
2575 2929 2785 2984 hohem

1659 2998 2080 3066 Kunstwert3
2109 2999 2340 3056 ahnlich
2366 3001 2786 3070 opacantiquae

1662 3072 1804 3125 artis
1846 3069 1940 3127 bei
1986 3069 2097 3126 Cic.
2144 3101 2212 3112 --
2258 3072 2588 3126 intactum
2639 3075 2786 3124 erat

1663 3141 1716 3194 d.
1755 3139 1791 3195 i.
1830 3139 2020 3194 blieb
2059 3139 2414 3206 unversehrt,
2451 3140 2780 3194 unberiihrt.

1735 3217 1784 3266 6.
1821 3209 2020 3277 vilia,
2049 3211 2142 3264 die
2168 3227 2282 3264 nun
2309 3211 2535 3264 wertlos
2567 3224 2782 3278 gewor-

1665 3283 1870 3350 denen‚
1920 3282 1995 3336 da
2044 3280 2133 3335 die
2179 3278 2488 3334 Rficksicht
2537 3278 2636 3334 auf
2677 3278 2782 3334 das

1660 3351 1938 3424 Losegeld
1981 3350 2142 3436 nicht
2193 3351 2354 3405 mehr
2372 3422 2385 3434 ι
2405 3349 2783 3406 bestimmend

1660 3421 2783 3575 §2312‘31551133133‘0202‘12’12‚dgr‘²1¹3‘ss

1664 3597 1732 3608 -
1769 3566 2185 3621 miserabilis
2219 3566 2501 3633 fecerat,
2530 3564 2652 3619 hier
2677 3579 2788 3618 nur

1665 3637 1842 3692 soviel
1877 3637 1962 3691 als
1997 3637 2213 3704 fecerat,
2242 3641 2306 3692 ut
2340 3636 2416 3690 iis
2448 3640 2783 3704 parceretur.

1738 3715 1787 3764 7.
1802 3723 2007 3778 occup
2018 3712 2329 3774 averunt,
2349 3707 2558 3777 griech.
2573 3727 2588 3761 ε
2602 3703 2788 3775 ἔφθα-

1667 3795 1791 3833 σαν.
1823 3809 1890 3819 -—-
1925 3779 2455 3847 pretiosissima,
2493 3777 2646 3832 wohl
2672 3776 2785 3832 abl.

1667 3849 1814 3920 sing.
1878 3849 2188 3921 Bezfiglich
2221 3850 2318 3905 des
2355 3850 2634 3904 Numerus
2671 3847 2786 3918 vgl.

1659 3927 1802 3992 pret.
1839 3927 2032 3978 vestem
2068 3927 2118 3976 8.
2160 3927 2208 3976 1.
2318 3944 2327 3953 ·

1741 3999 1791 4049 9.
1830 3997 1950 4048 aut
1988 4034 2000 4048 .
2029 4039 2043 4048 .
2083 3998 2200 4048 aut
2237 3992 2390 4046 steht
2434 3989 2527 4045 fiir
2563 3991 2652 4044 ein
2690 3991 2790 4058 hy-

1669 4063 2056 4135 pothetisches
2087 4064 2300 4132 Geffige
2339 4063 2476 4130 (m'ei
2510 4061 2790 4116 dubitabi-

1669 4152 1810 4204 mus,
1835 4137 2147 4204 credemus),
2175 4136 2282 4188 wie
2311 4131 2572 4188 ziemlich
2597 4130 2791 4200 haufig

1671 4208 1817 4261 auch
1845 4206 1940 4262 bei
1965 4205 2309 4260 Klassikern.
2340 4234 2408 4246 --
2436 4219 2628 4273 qaeu,
2667 4201 2792 4256 hier

1669 4277 1831 4332 lokal
1866 4295 1934 4331 zu
1968 4277 2167 4344 fassen,
2206 4275 2314 4331 wie
2347 4275 2595 4330 thesauri
2621 4279 2671 4328 2.
2707 4277 2788 4326 11.

1669 4347 1934 4403 Disselbe
1974 4348 2198 4402 Summe
2235 4345 2394 4416 giebt
2437 4346 2584 4400 auch
2619 4342 2786 4398 Diod.
