3069 4749
839 163 1349 220 fflsrofflARun
1386 163 1818 220 ALEXANnm
1853 123 2028 233 vnn,
2065 171 2118 220 2.
2526 163 2654 228 173

307 331 685 414 intervenit,
732 327 906 392 idem
951 327 1242 392 futurum
1287 327 1635 392 discrimen
1682 330 1783 391 est
1828 325 2237 391 evadentium
2282 327 2353 390 in
2397 329 2658 391 terram.

311 421 436 487 Sed
484 419 702 484 omnia
748 417 878 482 ista
922 437 1078 480 vera
1124 437 1264 481 esse
1311 417 1653 500 fingamus
1742 413 2065 480 Utrumne
2112 436 2228 480 vos
2274 415 2656 500 magnitudo
2696 425 2763 472 19

245 513 288 576 9
311 510 648 576 beluarum
694 528 780 570 an
824 503 1174 570 multitudo
1211 503 1498 570 hostium
1536 504 1784 568 terret?
1869 503 2055 579 Quod
2093 503 2381 587 pertinet
2416 503 2499 567 ad
2534 503 2657 567 ele-

309 599 622 683 phantos,
675 615 981 678 praesens
1036 592 1351 658 habemus
1409 591 1806 676 exemplum:
1869 592 1939 655 in
2000 613 2152 656 suos
2213 591 2658 657 vehementius

313 707 507 771 quam
551 685 624 750 in
667 705 787 748 nos
835 683 1351 762 incucurrerunt,
1394 684 1533 745 tam
1570 684 1761 745 vasta
1798 701 2075 764 corpora
2112 680 2444 748 securibus
2481 679 2660 744 falci-

312 777 564 858 busque
601 771 904 837 mutilata
943 773 1110 836 sunt.
1190 768 1359 846 Quid
1397 773 1617 835 autem
1652 769 1945 852 interest,
1989 767 2264 833 totidem
2304 770 2453 851 sint,
2500 771 2659 852 quot
2697 778 2768 827 20

311 863 517 928 Porus
581 860 838 938 habuit,
901 881 988 924 an
1050 877 1129 924 111
1193 858 1404 941 milia,
1469 878 1617 922 cum
1678 879 1811 921 uno
1868 859 1983 921 aut
2036 857 2244 922 altero
2300 857 2659 922 vulneratis

311 953 626 1016 videamus
671 951 917 1012 ceteros
963 947 1034 1011 in
1077 946 1302 1032 fugam
1347 945 1704 1011 declinari?
1786 944 1954 1010 Dein
1995 966 2235 1030 paucos
2274 966 2528 1028 quoque
2566 946 2659 1010 in·
2698 956 2762 1002 21

311 1037 645 1104 commode
703 1040 965 1122 regunt:
1030 1040 1430 1120 congregata
1485 1056 1639 1100 vero
1696 1038 1802 1100 tot
1852 1033 2035 1098 milia
2094 1033 2241 1117 ipsa
2287 1055 2355 1098 se
2402 1033 2662 1116 elident,

310 1129 423 1192 ubi
465 1148 588 1192 nec
635 1129 808 1190 stare
857 1146 978 1190 nec
1024 1124 1246 1210 fugere
1303 1124 1639 1210 potuerint
1686 1122 2007 1188 inhabiles
2053 1125 2393 1210 vastorum
2440 1143 2661 1205 corpo-

309 1238 458 1282 rum
511 1215 735 1280 moles.
833 1213 1152 1297 Equidem
1210 1213 1301 1278 sic
1359 1212 1673 1277 animalia
1724 1213 1857 1276 ista
1912 1211 2305 1294 contempsi,
2358 1213 2459 1293 ut,
2516 1232 2661 1275 cum

310 1304 619 1370 haberem
665 1304 836 1387 ipse,
889 1323 1024 1367 non
1069 1301 1512 1385 opposuerim,
1563 1301 1725 1364 satis
1774 1320 2039 1385 gnarus,
2083 1299 2232 1383 plus
2282 1299 2416 1364 suis
2464 1321 2661 1384 quam

309 1393 608 1460 hostibus
655 1391 930 1475 periculi
973 1389 1229 1455 inferre.
1320 1387 1412 1454 At
1453 1389 1628 1454 enim
1665 1388 1955 1473 equitum
1990 1387 2409 1473 peditumque
2444 1388 2660 1452 multi·
2699 1398 2729 1446 2
2743 1399 2768 1445 2

309 1481 469 1548 tudo
526 1502 644 1546 vos
699 1479 1094 1545 commovet!
1185 1475 1349 1543 Cum
1404 1477 1629 1561 paucis
1684 1478 1861 1540 enim
1914 1495 2207 1560 pugnare
2266 1476 2447 1541 soliti
2504 1478 2662 1541 estis
2826 1483 2832 1488 ”

312 1575 379 1634 et
434 1590 608 1633 nunc
662 1568 945 1650 primum
999 1567 1397 1632 inconditam
1453 1565 1863 1646 sustinebitis
1917 1565 2194 1629 turbam.
2284 1563 2498 1629 Testis
2556 1564 2662 1629 ad·
2700 1575 2769 1623 23

313 1678 538 1722 versus
585 1655 1070 1721 multitudinem
1114 1655 1345 1720 invicti
1391 1653 1819 1719 Macedonum
1863 1653 2118 1718 roboris
2166 1653 2483 1718 Granicus
2532 1676 2663 1717 am-

312 1745 416 1808 nis
457 1747 524 1809 et
561 1741 794 1808 Cilicia
830 1745 1146 1809 inundata
1182 1765 1408 1809 cruore
1445 1741 1790 1807 Persarum
1828 1745 1896 1806 et
1930 1741 2193 1824 Arbela,
2232 1743 2409 1806 cuius
2448 1743 2666 1826 campi

315 1833 712 1897 devictorum
759 1855 798 1897 a
841 1833 1033 1897 nobis
1069 1832 1326 1898 ossibus
1365 1833 1559 1896 strati
1597 1834 1765 1896 sunt.
1848 1827 2005 1894 Sero
2043 1830 2333 1894 hostium
2370 1831 2661 1915 legiones
2701 1840 2771 1888 24

314 1942 652 1986 numerare
707 1921 1042 2004 coepistis,
1106 1924 1457 2005 postquam
1521 1918 1940 1984 solitudinem
2003 1919 2073 1984 in
2130 1919 2293 1982 Asia
2349 1918 2663 1984 vincendo

313 2009 579 2074 fecistis.
677 2007 843 2074 Cum
905 2031 1022 2093 per
1083 2007 1585 2092 Hellespontum
1647 2008 2130 2092 navigaremus,
2194 2007 2272 2071 de
2336 2007 2663 2090 paucitate

314 2102 542 2163 nostra
579 2096 998 2182 cogitandum
1035 2097 1186 2162 fuit:
1223 2119 1395 2162 nunc
1431 2119 1551 2161 nos
1582 2094 1866 2181 Scythae
1898 2098 2275 2180 sequuntur,
2312 2095 2666 2160 Bactriana

313 2187 560 2252 auxilia
616 2189 879 2270 praesto
937 2188 1115 2270 sunt,
1178 2184 1406 2250 Dahae
1461 2183 1898 2268 Sogdianique
1952 2185 2125 2249 inter
2176 2205 2299 2249 nos
2352 2183 2664 2249 militant.

211 2277 296 2341 10
313 2273 378 2340 N
381 2296 453 2339 ec
489 2279 709 2340 tamen
746 2273 848 2339 illi
885 2275 1114 2340 turbae
1151 2273 1422 2340 confido·
1493 2271 1771 2338 Vestras
1799 2295 2028 2338 manus
2065 2273 2343 2355 intueor,
2378 2278 2665 2338 vestram
2703 2283 2771 2332 25
2833 2312 2849 2323 -

312 2364 620 2429 virtutem
659 2386 894 2447 rerum,
942 2386 1106 2450 quas
1145 2367 1450 2448 gesturus
1499 2384 1664 2447 sum,
1708 2361 1937 2427 vadem
1972 2361 2401 2447 praedemque
2438 2361 2666 2429 habeo.

311 2452 632 2529 Quamdiu
686 2453 1021 2519 vobiscum
1076 2453 1146 2518 in
1201 2452 1336 2517 acie
1383 2452 1601 2535 stabo,
1654 2472 1774 2515 nec
1818 2452 1947 2516 mei
1989 2473 2109 2517 nec
2152 2451 2445 2516 hostium
2494 2473 2666 2517 exer-

312 2541 479 2605 citus
533 2563 822 2607 numero.
903 2541 1042 2606 Vos
1099 2541 1292 2606 modo
1351 2541 1604 2605 animos
1668 2539 1835 2603 mihi
1886 2540 2115 2623 plenos
2172 2540 2534 2605 alacritatis
2592 2562 2667 2605 ac

312 2627 586 2693 fiduciae
633 2629 953 2694 adhibete.
1041 2628 1192 2693 Non
1237 2629 1307 2692 in
1353 2628 1579 2693 limine
1626 2650 1895 2712 operum
1939 2628 2365 2713 laborumque
2411 2633 2665 2693 nostro·
2704 2640 2774 2687 26

313 2737 477 2795 rum,
525 2716 640 2780 sed
676 2718 744 2779 in
783 2717 958 2781 exitu
995 2720 1263 2780 stamus.
1333 2715 1756 2781 Pervenimus
1794 2716 1877 2781 ad
1916 2718 2073 2781 solis
2112 2720 2327 2782 ortum
2364 2721 2430 2781 et
2468 2717 2664 2783 Ocea-

311 2827 500 2869 num:
537 2803 664 2867 nisi
693 2804 917 2869 obstat
953 2803 1236 2889 ignavia,
1271 2804 1418 2869 inde
1454 2805 1739 2870 victores
1777 2804 2143 2888 perdomito
2180 2805 2307 2869 fine
2345 2809 2667 2869 terrarum

388 2983 470 3033 19.
510 2977 736 3032 omnia
761 2978 916 3032 ista.
972 2976 1440 3033 Zurfickweisend

314 3047 419 3105 auf
457 3054 488 3115 5
536 3052 775 3115 15-17;
829 3046 978 3103 deun
1021 3046 1437 3130 irgendwelche

311 3120 525 3175 Furcht
567 3135 670 3174 vor
713 3117 814 3175 der
850 3118 1301 3175 Gefahrhchkeit
1341 3120 1438 3175 des

313 3190 802 3261 Flussfibergangs
851 3207 924 3245 an
960 3189 1081 3246 sich
1117 3190 1242 3247 halt
1275 3190 1434 3246 Alex.

312 3261 461 3318 nach
495 3266 527 3329 5
567 3267 632 3316 17
669 3280 724 3316 u.
767 3266 834 3315 18
879 3260 969 3317 fiir
1015 3262 1294 3331 geradezu
1335 3279 1435 3317 un-

312 3333 568 3403 gereimt.
590 3333 975 3402 -pertinet
1000 3332 1091 3387 fiir
1117 3334 1314 3389 attinet
1330 3331 1436 3387 wie

314 3410 364 3459 6.
405 3409 486 3459 11.
527 3409 613 3459 30.
690 3402 793 3459 Bei
829 3418 1093 3473 praesens
1137 3404 1438 3472 exemplum

313 3473 490 3597 deffixt
525 3474 584 3530 C.
623 3490 696 3529 an
733 3474 834 3529 das
863 3480 916 3529 8.
949 3479 1032 3527 14.
1063 3478 1132 3527 25
1161 3475 1266 3529 etc.
1331 3472 1434 3529 Er-

315 3548 380 3597 za
442 3545 518 3598 te.

385 3619 469 3668 20.
509 3616 910 3671 vulnerati&
983 3614 1207 3669 Ebenso
1243 3620 1292 3671 5.
1324 3620 1370 3669 7.
1402 3621 1437 3670 4

315 3684 416 3739 der
467 3683 662 3740 Plural
713 3684 806 3741 bei
859 3701 1010 3741 umas
1061 3690 1114 3739 et
1165 3685 1319 3741 alter.
1366 3716 1435 3727 --

305 3771 566 3823 paucos
599 3771 852 3826 quoque
879 3781 948 3803 ι-
975 3756 1058 3811 vel
1088 3771 1312 3825 paucos,
1379 3757 1435 3813 S.

311 3824 459 3881 Einl.
497 3832 528 3893 5
564 3832 634 3882 46
671 3828 834 3884 Anm.
875 3835 923 3883 1.
961 3858 1029 3867 —
1066 3843 1131 3883 se
1164 3827 1433 3885 elidem.

312 3896 542 3953 E'lidere
566 3897 644 3951 ist
667 3898 769 3953 das
798 3898 1136 3969 cigentliche
1155 3897 1324 3953 Wort
1346 3898 1439 3953 fflr

316 3967 783 4025 ‘erdrficken'.
869 3968 1230 4040 Vollstandig
1276 3971 1437 4041 sagte

315 4054 448 4093 man
472 4040 680 4107 fauces,
715 4040 978 4109 spiritum
1011 4040 1189 4097 alie-wi
1224 4041 1434 4097 elidere.

322 4108 566 4165 Bildlich
604 4110 750 4167 oben
787 4116 819 4177 5
858 4117 944 4166 17.

386 4185 472 4235 22.
511 4198 650 4237 eum
672 4183 926 4251 paucis
950 4183 1136 4237 enim.
1182 4182 1436 4252 Erganze

317 4250 515 4307 vorher
533 4252 625 4306 ein
642 4250 954 4308 ironisches
972 4253 1036 4309 ia
1050 4269 1186 4309 sane
1201 4258 1436 4309 metuen-

317 4318 448 4374 dum
492 4328 582 4376 eet.
641 4352 707 4362 —
762 4324 1216 4381 sustinebitis.
1287 4323 1436 4379 wir:

1545 2978 1758 3034 werdet
1783 2978 1844 3033 in
1871 2978 1962 3033 die
1990 2979 2145 3049 Lage
2172 2979 2459 3049 gebracht,
2490 2977 2670 3035 Stand

1546 3049 1743 3105 halten
1779 3068 1849 3105 zu
1882 3055 2110 3105 mfissen
2144 3066 2327 3119 gegen
2364 3052 2470 3105 etc.

1617 3126 1703 3175 23.
1759 3121 2061 3182 invictus
2104 3121 2427 3180 advers-us
2469 3121 2671 3188 mult„

1545 3190 1652 3245 wie
1691 3198 1738 3247 7.
1780 3198 1829 3247 6.
1868 3196 1964 3256 23;
2007 3196 2087 3247 10.
2131 3197 2176 3245 1.
2216 3198 2301 3246 42.
2340 3222 2411 3233 -
2457 3194 2667 3247 euius.

1546 3261 1635 3316 Da
1652 3262 1861 3317 Arbela
1876 3262 1972 3317 bei
1990 3262 2047 3317 C.
2070 3264 2227 3317 sonat
2242 3281 2348 3317 nur
2374 3264 2461 3318 als
2488 3266 2667 3319 neutr.

1544 3332 1690 3403 plur.
1740 3332 2089 3402 vorkommt,
2136 3349 2197 3387 so
2244 3334 2321 3389 ist
2365 3336 2527 3389 euius
2572 3352 2667 3389 an-

1546 3404 1769 3474 sfflssig.

1618 3480 1704 3529 24.
1742 3474 1800 3529 le
1806 3476 2056 3545 aiones.
2111 3474 2446 3545 Vergleiche
2476 3473 2669 3529 hierzu

1545 3546 1824 3615 manipuli
1845 3552 1929 3601 10.
1948 3550 1999 3601 4.
2022 3551 2055 3599 3
2086 3546 2202 3599 und
2234 3546 2466 3615 leyiones
2492 3544 2669 3601 Etru·

1544 3632 1759 3671 ecorum
1795 3617 1915 3672 Liv.
1955 3623 2004 3673 5.
2043 3622 2128 3673 35.
2166 3622 2217 3669 4.

1617 3692 1701 3742 25.
1784 3688 2052 3743 vadem
2108 3687 2669 3757 praedemque,

1550 3757 1568 3784 ‘
1581 3776 1617 3813 v
1629 3775 1664 3814 o
1674 3758 1727 3811 ll
1738 3759 1840 3813 ste
1854 3756 2240 3829 Burgschaft’3
2268 3758 2431 3813 vades
2444 3756 2670 3811 hiessen

1544 3827 1638 3884 die
1682 3830 1907 3900 Biirgen
1960 3830 2022 3885 in
2067 3828 2359 3884 Criminal-
2372 3871 2387 3897 ,
2438 3829 2671 3897 praedes

1544 3899 1637 3955 die
1664 3900 1725 3955 in
1751 3899 2120 3956 Civilsachen.
2142 3930 2210 3940 —
2232 3900 2355 3953 mei
2378 3898 2470 3952 fflr
2494 3915 2670 3953 meum

1543 3987 1742 4041 wegen
1768 3971 1868 4027 des
1888 3972 2293 4042 Gegensatzes3
2321 3969 2569 4025 adhibete
2593 3968 2671 4024 ist

1544 4044 1694 4097 etwa
1728 4066 1796 4089 εε-
1826 4046 2130 4111 praestate,
2162 4041 2425 4111 praebete.

1616 4118 1701 4168 26.
1750 4114 2210 4181 pervenimus,
2250 4110 2665 4181 hyperbolisch.

1544 4214 1612 4223 -
1659 4185 1984 4239 amittere.
2066 4182 2140 4239 So
2189 4200 2217 4238 e
2260 4182 2517 4238 manibus
2556 4198 2669 4237 rem

1546 4254 1781 4309 emittere
1826 4252 1947 4311 Liv.
1987 4259 2073 4310 44.
2112 4260 2197 4309 36.
2232 4259 2299 4309 10
2326 4271 2380 4309 u.
2410 4258 2461 4309 ὃ.
2535 4253 2667 4323 Vgl.

1546 4341 1575 4379 e
1608 4326 1867 4381 menibus
1900 4326 2107 4394 eripere
2134 4331 2182 4380 3.
2214 4331 2262 4379 5.
2297 4331 2388 4391 1ος
2418 4330 2469 4379 4.
2502 4331 2585 4380 16.
2616 4332 2665 4379 3.
