3069 4749
416 132 497 197 78
1316 131 1379 197 Q.
1418 131 1640 187 CURTI
1678 130 1852 187 RUFI

410 294 561 359 dam
604 294 788 359 iussu
824 294 1089 373 Xerxis,
1135 316 1281 359 cum
1329 316 1363 359 e
1402 293 1678 359 Graecia
1723 293 1992 376 rediret,
2039 293 2438 359 transierant
2471 298 2540 359 et
2584 294 2656 362 in
2697 317 2777 361 ea

413 383 561 447 sede
608 384 1061 466 constiterant,
1117 384 1273 467 quia
1325 384 1674 467 templum,
1736 382 1906 466 quod
1965 381 2332 467 Didymeon
2389 383 2775 469 appellatur,

304 492 372 541 29
410 471 480 536 in
534 471 817 555 gratiam
872 470 1106 537 Xerxis
1161 471 1586 537 violaverant.
1688 470 1906 537 Mores
1964 470 2162 555 patrii
2203 472 2508 537 ‘nondum
2566 473 2775 538 exole-

411 564 667 625 verant:
716 559 829 623 sed
872 560 1003 625 iam
1042 560 1371 644 bilingues
1408 564 1627 643 erant,
1671 559 1992 644 paulatim
2033 582 2072 625 a
2111 559 2466 627 domestico
2503 565 2772 627 externo

412 669 705 714 sermone
769 649 1137 734 degeneres,
1246 648 1487 733 Magno
1555 648 1772 732 'igitur
1843 648 2084 733 gaudio
2156 668 2381 733 regem
2443 649 2774 733 excipiunt

410 737 639 801 urbem
696 758 893 822 seque
948 737 1269 803 dedentes.
1369 736 1491 802 Ille
1547 736 1866 821 Milesios,
1925 736 2040 822 qui
2105 738 2276 821 apud
2329 738 2548 821 ipsum
2603 738 2771 802 mili-

304 846 375 895 30
410 828 655 905 tarent,
720 826 1065 891 convocari
1124 826 1325 892 iubet.
1434 824 1642 891 Vetus
1713 825 1935 891 odium
1997 824 2242 891 Milesii
2315 828 2632 909 gerebant
2701 826 2772 891 in

413 913 931 979 Branchidarum
977 917 1255 999 gentem.
1346 914 1636 979 Proditis
1681 935 1867 999 ergo,
1922 914 2058 979 sive
2103 914 2407 994 iniuriae,
2465 916 2602 979 sive
2647 916 2771 979 ori-

348 1078 359 1087 ,
414 1002 590 1085 ginis
635 1002 1007 1069 meminisse
1050 1004 1347 1086 mallent,
1402 1004 1678 1067 liberum
1725 1002 1802 1069 de
1848 1002 2238 1069 Branchidis
2291 1003 2619 1087 permittit
2673 1025 2746 1067 ar

306 1111 371 1159 31
415 1090 704 1155 bitrium.
770 1090 1194 1157 Variantibus
1224 1091 1450 1157 deinde
1478 1092 1822 1157 sententiis
1853 1112 1922 1157 88
1949 1091 2166 1174 ipsum
2193 1090 2771 1176 consideraturum,

414 1177 569 1263 quid
608 1180 927 1263 optimum
970 1180 1153 1245 factu
1199 1185 1373 1246 esset
1380 1230 1399 1263 ,
1444 1180 1750 1247 ostendit.
1820 1178 2092 1247 Postero
2141 1179 2246 1245 die
2283 1180 2768 1245 occurrentibus

412 1267 795 1333 Branchidis
860 1290 1078 1335 secum
1139 1268 1487 1353 procedere
1559 1269 1759 1333 iubet.
1853 1266 2145 1354 Cumque
2195 1268 2279 1333 ad
2335 1270 2564 1335 urbem
2622 1290 2769 1333 ven-

306 1376 373 1425 32
412 1359 553 1421 tum
606 1361 804 1440 esset,
860 1357 1001 1441 ipse
1058 1380 1203 1423 cum
1256 1358 1560 1441 expedita
1619 1379 1816 1423 manu
1870 1361 2132 1441 portam
2185 1358 2420 1423 intrat:
2485 1357 2769 1441 phalanx

412 1446 669 1509 moenia
724 1446 947 1531 oppidi
1004 1446 1341 1513 circumire
1394 1446 1576 1511 iussa
1631 1450 1698 1511 et
1750 1446 1906 1511 dato
1952 1445 2140 1530 signo
2202 1445 2480 1530 diripere
2526 1446 2768 1529 urbem,

307 1554 373 1602 33
413 1533 823 1616 proditorum
890 1535 1400 1619 receptaculum,
1471 1534 1780 1621 ipsosque
1853 1534 1937 1599 ad
2009 1556 2210 1599 unum
2271 1535 2556 1601 caedere.
2661 1532 2770 1599 Illi

410 1621 689 1687 inermes
753 1623 1003 1707 passim
1061 1623 1469 1692 trucidantur
1530 1644 1652 1689 nec
1707 1626 1822 1687 aut
1879 1624 2268 1689 commercio
2332 1623 2598 1707 linguae
2655 1625 2769 1688 aut

412 1710 1218 1865 ffipilgcummvglamenffis
1268 1711 1710 1865 ἒτθὲῗέωᾳὲω
1771 1710 2064 1864 inhgbeg
2112 1711 2467 1865 8ξ11ς1811ὲ88
2506 1714 2770 1865 lpetisset.

306 1909 375 1957 34
410 1908 492 1951 ne
547 1822 731 1973 qubnd⁷
773 1821 1383 1975 urbi‘glcxoieiitig'iuildl
1425 1822 1695 1956 exssffess
1731 1822 2082 1955 miilremldra
2101 1822 2769 1974 aquznssemfuaexgquss

410 1998 629 2041 sacros
672 1997 806 2042 non
852 1978 1129 2043 caedunt
1174 1978 1394 2061 modo,
1450 1978 1567 2043 sed
1611 1978 1810 2043 etiam
1857 1977 2212 2061 extimant,
2265 1981 2340 2043 ut
2385 1980 2574 2043 vasta
2618 1977 2771 2042 soli-

410 2064 571 2131 tudo
628 2068 695 2129 et
749 2066 994 2131 sterilis
1057 2067 1291 2132 humus
1350 2068 1634 2133 excussis
1692 2066 1890 2131 etiam
1955 2066 2282 2131 radicibus
2346 2066 2768 2150 linqueretur.

305 2175 372 2223 35
413 2151 591 2228 Quae
640 2154 697 2218 si
742 2155 811 2219 in
865 2155 1045 2239 ipsos
1093 2155 1483 2239 proditionis
1528 2158 1831 2221 auctores
1879 2154 2252 2240 excogitata
2298 2159 2541 2239 essent,
2595 2155 2769 2219 iusta

411 2242 581 2306 ultio
638 2264 807 2325 esse,
869 2265 1001 2309 non
1065 2243 1410 2309 crudelitas
1473 2244 1826 2310 videretur:
1892 2264 2064 2309 nunc
2129 2244 2386 2357 culpam
2450 2243 2766 2307 maiorum

411 2450 843 2507 Nachkommen
914 2451 1012 2506 des
1075 2453 1361 2509 Branchus
1434 2472 1538 2508 aus
1643 2455 1748 2510 hat
1807 2453 2017 2509 bereits
2077 2452 2287 2508 Livius.
2345 2483 2414 2494 -—-
2461 2453 2769 2522 proditis

409 2521 635 2590 Delphi.
709 2522 915 2578 Diesen
950 2524 1172 2578 Namen
1216 2524 1405 2579 fflhrte
1442 2523 1534 2580 die
1642 2541 1792 2614 erqo
1840 2549 1908 2571 =
1959 2520 2200 2588 ἐκείνοις
2251 2517 2356 2578 οὖν
2400 2531 2519 2586 τοῖς
2563 2525 2766 2593 προδε-

410 2591 661 2647 erbliehe
681 2591 1152 2649 Genossenschaft
1174 2594 1273 2650 der
1292 2595 1536 2650 Priester
1642 2595 1921 2666 δομένοις.

410 2664 510 2717 des
556 2663 987 2734 Apollocrakels
1032 2682 1100 2720 zu
1144 2665 1387 2736 Didyma
1440 2665 1534 2722 bei
1712 2680 1798 2729 31
1845 2676 2301 2730 variantibus
2386 2674 2440 2729 S
2498 2674 2553 2728 d.
2599 2675 2764 2730 Anm

410 2733 589 2790 Milet.
645 2765 713 2776 —-
766 2737 1223 2804 transierant,
1284 2737 1406 2793 abs.
1464 2763 1532 2784 =
1640 2751 1782 2799 886.
1806 2751 1854 2801 5.
1877 2752 1928 2801 8.
1947 2775 2016 2787 —-
2046 2746 2764 2801 occurentibusBran-

414 2805 670 2862 ‘waren
705 2806 1280 2889 uObergesiedelt',
1326 2809 1441 2880 vgl.
1467 2812 1529 2862 8.
1639 2817 1888 2884 chidis,
1941 2817 2054 2872 abl.
2109 2817 2227 2871 abs.
2274 2816 2366 2870 fiir
2414 2817 2514 2870 das
2563 2818 2764 2886 partic.

411 2880 471 2942 83
518 2875 609 2931 die
646 2877 862 2948 Ellipse
908 2896 1019 2935 von
1064 2879 1200 2934 illuc
1234 2878 1313 2933 ist
1346 2896 1526 2934 umso-
1639 2889 1944 2942 construet.
2018 2885 2092 2943 So
2129 2888 2276 2943 auch
2311 2887 2404 2942 bei
2439 2887 2766 2943 Klassikern

408 2917 1359 3090 ssssssffissssrhssssigtdssffizrzzss'
1367 2967 1532 3077 2:331

410 3105 607 3158 wegen
644 3090 741 3144 des
771 3091 1264 3161 vorhergehenden
1293 3092 1415 3147 sede
1440 3092 1531 3146 fi'ir

409 3159 775 3217 consederant.
812 3161 917 3216 Die
938 3161 1294 3218 Branchiden
1322 3162 1531 3219 8811188-

411 3246 510 3284 888
543 3229 664 3286 81811
702 3231 806 3286 mit
831 3231 1157 3288 Erlaubniss
1196 3234 1293 3288 des
1321 3231 1531 3288 Xerxes

409 3300 539 3355 dem
548 3317 650 3356 aus
662 3301 1073 3358 Griechenland
1086 3303 1532 3359 zurfickkehren-

410 3371 519 3426 den
571 3371 937 3448 Perserheere
992 3391 1091 3442 an,
1147 3375 1221 3430 da
1272 3374 1353 3432 sie
1410 3375 1530 3430 sich

411 3441 636 3496 daheim
665 3436 861 3513 wegeh
896 3445 1046 3500 ihres
1074 3417 1345 3501 'Vertaths
1372 3446 1533 3502 nicht

409 3513 571 3566 mehr
604 3513 789 3569 sicher
823 3513 1061 3570 ffihlten.

481 3590 566 3639 29.
614 3587 1075 3654 exoleverunt,
1134 3605 1177 3642 8.
1228 3594 1276 3642 6.
1329 3593 1411 3642 10.
1459 3593 1528 3642 23

409 3657 639 3710 exolevit
698 3673 869 3712 sermo
930 3659 1167 3714 nativus.
1222 3689 1289 3698 -—-
1346 3659 1539 3728 deyc-

408 3743 599 3782 ‘neres
624 3727 849 3782 verti-itt
880 3728 971 3783 die
1000 3729 1175 3785 Stelle
1204 3729 1355 3786 81888
1381 3731 1527 3799 part.

407 3797 486 3866 pf.
526 3799 633 3854 aet.
672 3815 786 3853 von
820 3800 1167 3870 deyenerare,
1215 3801 1391 3855 daher
1436 3799 1530 3854 die

409 3871 568 3924 sonet
593 3869 745 3925 wohl
771 3869 932 3926 nieht
952 3871 1369 3926 nachweisbare
1390 3871 1527 3925 Ver-

408 3939 664 4009 bindung
689 3940 797 3996 mit
822 3943 931 4025 ab..
961 3940 1195 4024 Dichter
1220 3942 1408 4025 haben
1444 3943 1529 3997 dc-

408 4015 990 4150 wamhs.
1010 4013 1529 4138 ffissfmfffffiw'ss

410 4168 727 4220 sermonem,
780 4155 893 4224 vgl.
942 4173 989 4210 z.
1035 4153 1098 4207 B.
1148 4161 1199 4210 9.
1246 4159 1297 4208 3.
1348 4160 1415 4210 10
1468 4155 1532 4210 in

412 4227 691 4278 externum
726 4225 1166 4296 deqeneroevimus
1201 4227 1422 4280 cultum.

485 4299 560 4348 30.
624 4297 987 4364 yerebant.
1090 4296 1291 4352 Odium
1353 4312 1533 4366 qen-rc

1637 2956 1946 3014 bisweilen.

1711 3043 1796 3092 32.
1835 3039 1922 3092 ad
1953 3053 2183 3104 unum,
2220 3037 2570 3108 vollstaendig
2597 3038 2673 3093 acl
2705 3055 2764 3093 u.

1639 3125 1850 3175 mmm,
1884 3123 2066 3163 onmes
2101 3109 2176 3163 ad
2211 3125 2401 3164 unum.

1710 3201 1796 3253 33.
1835 3197 2246 3253 velamentis.
2331 3196 2594 3252 Gemeint
2639 3197 2762 3254 sind

1639 3267 1730 3322 die
1781 3267 2060 3324 wollenen
2095 3267 2460 3338 Kopfbinden
2503 3269 2768 3336 (infulae)

1639 3339 1740 3392 der
1760 3338 2278 3394 Schutzflehenden.
2316 3337 2438 3394 Liv.
2459 3345 2544 3394 24.
2567 3345 2652 3394 30.
2677 3345 2760 3392 14.

1640 3439 1707 3448 -
1745 3409 2148 3476 moliuntur,
2201 3410 2324 3464 hier
2361 3435 2428 3456 =
2465 3411 2764 3476 subruwnt,

1639 3486 1898 3535 evertunt.
2008 3481 2206 3535 Moliri
2282 3481 2550 3536 bedentet
2621 3482 2761 3536 eben

1637 3568 1782 3621 ganz
1817 3549 2120 3620 allgemein
2153 3567 2275 3606 cum
2311 3553 2495 3606 labore
2529 3553 2764 3619 (molem)

1636 3638 1857 3677 movere.

1709 3707 1795 3756 34.
1843 3701 2111 3757 sterilis
2154 3699 2261 3755 wie
2309 3708 2358 3758 3.
2405 3708 2456 3755 4.
2506 3708 2540 3756 3
2584 3701 2764 3757 sterile

1639 3788 1705 3827 ac
1739 3773 1952 3826 nudum
1987 3771 2162 3827 solum
2196 3772 2504 3828 relicturus.

1709 3866 1796 3916 34.
1825 3861 2161 3928 excussis,
2189 3860 2483 3916 vielleicht
2508 3879 2616 3916 nur
2641 3875 2759 3914 ver-

1639 3929 1934 3986 schrieben
1979 3931 2069 3986 fiir
2104 3933 2322 4000 ecfossis
2360 3931 2496 4002 (Cic.
2535 3932 2605 3986 de
2640 3946 2700 3984 re

1639 4009 1688 4058 2.
1730 4003 1821 4072 61)
1862 4027 1930 4048 ==
1968 4004 2203 4072 effossis,
2249 4003 2322 4058 da
2368 4003 2458 4058 die
2494 4003 2697 4056 Wurze

1637 4090 1751 4129 von
1785 4073 1967 4128 ihnen
2012 4073 2172 4130 nicht
2215 4073 2368 4130 bloss
2422 4073 2618 4128 locker
2663 4086 2760 4142 ge-

1639 4145 1856 4213 macht,
1911 4145 2295 4213 ἀοι-8818118115,
2349 4145 2592 4200 sondern
2635 4157 2757 4198 aus-

1638 4217 1889 4286 gerottet
1924 4216 2147 4272 werden
2181 4217 2607 4286 (extinyurttur).

1711 4300 1797 4352 35.
1835 4311 2013 4350 nunc
2043 4319 2109 4340 ==
2139 4295 2246 4350 νῦν
2282 4291 2349 4349 δέ
2387 4295 2490 4348 wie
2527 4301 2580 4350 3.
2618 4299 2666 4348 4.
2707 4297 2759 4348 ὅ.
