3069 4749
196 511 277 611 19

623 103 673 154 Ο

835 167 1337 221 HISTORIARUM
1370 167 1792 221 ALEXANDRI
1829 165 1896 233 V,
1935 172 1987 222 2.
2026 171 2076 221 3.
2510 163 2638 229 183

1308 396 1467 465 OAP.
1510 398 1629 466 III.

472 523 781 609 Mitigato
821 523 1036 589 animo
1076 524 1212 589 eius
1250 545 1361 589 rex
1390 522 1640 609 quartis
1671 523 1900 588 castris
1938 524 2239 606 pervenit
2276 523 2357 587 ad
2384 522 2633 606 Tigrim
2677 533 2705 581 1

294 614 583 680 fluvium.
665 611 1044 698 Pasitigrim
1090 612 1340 677 incolae
1386 616 1647 677 vocant:
1697 612 1900 677 oritur
1945 613 2016 677 in
2060 611 2390 677 montibus
2437 610 2638 677 Uxio-

295 724 440 767 rum
486 704 553 766 et
594 722 711 786 per
755 719 809 765 M
857 700 1068 765 stadia
1114 700 1521 766 silvestribus
1567 700 1725 785 ripis
1771 722 2080 785 praeceps
2123 701 2294 765 inter
2339 720 2496 764 saxa
2532 699 2640 763 de-

296 791 592 857 volvitur.
670 788 1015 875 Accipiunt
1050 788 1277 854 deinde
1314 811 1460 854 eum
1510 789 1750 874 campi,
1798 809 1959 874 quos
1999 789 2414 855 clementiore
2453 789 2636 854 alveo
2674 802 2710 851 2

295 880 627 965 praeterit,
671 878 805 943 iam
852 879 1111 943 navium
1154 878 1431 963 patienS.
1522 896 1618 944 Dc
1665 881 1817 943 sunt
1872 878 2082 943 stadia
2131 876 2450 943 mollioris
2498 876 2639 961 soli,

296 992 412 1055 per
458 967 630 1053 quod
675 967 809 1032 leni
853 970 1067 1032 tractu
1114 988 1431 1051 aquarum
1468 966 1728 1032 Persico
1767 968 1930 1032 mari
1969 988 2038 1033 se
2073 967 2379 1033 insinuat.
2423 966 2638 1030 Amne
2676 979 2709 1028 3

298 1060 602 1143 superato
649 1077 797 1121 cum
841 1073 998 1122 vnn
1044 1056 1307 1121 milibus
1352 1055 1644 1141 peditum
1673 1058 1748 1120 et
1782 1056 2090 1137 Agrianis
2135 1054 2642 1140 sagittariisque,

297 1146 695 1212 Graecorum
715 1144 1306 1211 mercennariorum
1324 1145 1536 1210 tribus
1556 1144 1818 1209 mil-ibus
1840 1144 2092 1229 additis,
2110 1146 2289 1210 mille
2299 1143 2642 1225 Thracum,

298 1238 371 1301 in
438 1236 763 1319 regionem
829 1232 1144 1299 Uxiorum
1215 1235 1524 1318 pervenit.
1633 1232 1946 1298 Finitima
2009 1232 2191 1299 Susis
2265 1236 2365 1299 est
2436 1236 2505 1297 et
2573 1232 2644 1295 in

296 1323 575 1409 primam
612 1321 941 1388 Persidem
986 1322 1283 1407 excurrit,
1331 1328 1546 1387 artum
1591 1323 1766 1387 inter
1811 1344 1880 1387 se
1927 1325 1994 1387 et
2030 1321 2345 1388 Susianos
2393 1320 2642 1386 aditum

295 1412 682 1503 relinquens
770 1410 1064 1477 Medates
1110 1414 1251 1477 erat
1295 1412 1580 1498 regionis
1625 1410 2009 1495 praefectus,
2053 1411 2229 1476 haud
2275 1430 2432 1476 sane
2477 1413 2636 1474 tem·
2672 1421 2708 1469 4

296 1523 530 1586 porum
574 1501 795 1579 homo,
842 1500 1079 1585 quippe
1124 1499 1363 1565 ultima
1406 1522 1525 1585 pro
1572 1500 1697 1565 fide
1745 1500 2021 1583 experiri
2067 1500 2452 1565 decreverat.
2517 1496 2642 1563 Sed
2679 1510 2712 1559 5

297 1590 493 1675 periti
554 1590 847 1655 locorum
910 1588 1354 1654 Alexandrum
1418 1590 1650 1655 docent
1664 1640 1682 1673 ,
1746 1589 2074 1655 occultum
2135 1589 2260 1654 iter
2325 1608 2464 1653 esse
2527 1607 2644 1669 per

298 1680 493 1745 calles
542 1681 607 1742 et
653 1698 951 1743 aversum
998 1678 1079 1743 ab
1125 1678 1313 1743 urbe:
1361 1678 1417 1743 si
1452 1699 1696 1762 paucos
1734 1678 2022 1743 misisset
2055 1678 2289 1743 leviter
2323 1678 2633 1758 armatOS,

298 1788 494 1852 super
521 1766 736 1852 capita
760 1766 1049 1831 hostium
1088 1788 1411 1831 evasuros.
1458 1764 1622 1831 Cum
1661 1766 2002 1831 consilium
2040 1766 2408 1851 placuisset,
2443 1763 2641 1829 iidem
2678 1775 2712 1825 6

294 1856 607 1921 itinerum
650 1854 913 1920 fuerunt
957 1855 1168 1920 duces.
1256 1873 1310 1919 M
1358 1859 1422 1921 et
1455 1874 1506 1920 Ι)
1554 1855 1844 1920 mercede
1899 1854 2199 1920 conducti
2256 1857 2321 1919 et
2364 1852 2639 1938 Agriani

296 1945 433 2010 fere
478 1962 532 2009 M
576 1943 861 2008 Tauroni
905 1944 1231 2027 praefecto
1277 1942 1413 2009 dati
1469 1964 1545 2009 ac
1601 1946 1756 2027 post
1815 1943 1974 2009 solis
2030 1964 2330 2009 occasum
2376 1943 2502 2007 iter
2543 1941 2640 2006 in-

296 2033 482 2118 gredi
527 2033 707 2097 iussi.
778 2032 929 2115 Ipse
973 2033 1168 2098 tertia
1209 2032 1432 2116 vigilia
1478 2033 1711 2097 castris
1757 2032 1952 2097 motis
2001 2032 2175 2097 circa
2215 2032 2377 2097 lucis
2424 2033 2639 2095 ortum
2678 2043 2710 2090 7

298 2126 561 2207 superat
607 2122 945 2206 angustias
992 2142 1304 2205 caesaque
1348 2122 1624 2186 materia
1667 2122 1951 2186 cratibus
1991 2124 2057 2185 et
2104 2121 2342 2206 pluteis
2389 2118 2633 2184 faciun-

296 2211 413 2293 dis,
458 2214 551 2294 ut,
597 2211 707 2294 qui
743 2215 953 2276 turres
992 2211 1425 2293 admoverent,
1471 2214 1657 2275 extra
1691 2209 1808 2275 teli
1841 2211 2085 2275 iactum
2124 2213 2364 2293 essent,
2408 2208 2638 2272 urbem

297 2300 594 2365 obsidere
640 2299 870 2384 coepit.
926 2298 1292 2386 Praerupta
1338 2303 1522 2365 erant
1571 2300 1789 2363 omnia
1837 2300 2008 2365 saxis
2055 2303 2120 2363 et
2165 2299 2418 2365 cotibus
2463 2297 2641 2382 inpe-
2678 2310 2712 2360 8

298 2389 454 2455 dita.
518 2387 745 2454 Multis
792 2410 946 2475 ergo
989 2390 1365 2455 vulneribus
1404 2389 1674 2475 depulsi,
1719 2393 1794 2455 ut
1831 2389 2064 2474 quibus
2101 2411 2235 2455 non
2271 2410 2417 2455 cum
2451 2386 2640 2452 hoste

722 2635 856 2690 ΚΑΒ.
894 2633 988 2689 ΙΠ.

376 2749 420 2798 1.
490 2742 931 2812 Pasitiyrim,
985 2742 1093 2797 den
1137 2739 1415 2795 kleinen

298 2813 498 2886 Tigris.
555 2812 631 2867 Es
659 2813 737 2868 ist
770 2812 919 2867 uach
956 2812 1013 2867 C.
1043 2811 1229 2866 Ritter
1264 2812 1417 2867 wohl

299 2887 402 2942 der
436 2884 666 2954 heutige
701 2884 946 2941 Kuran.
996 2882 1062 2937 In
1097 2883 1197 2937 ihu
1234 2898 1294 2937 er
1334 2881 1415 2938 oss

298 2955 439 3025 sich,
466 2971 577 3011 von
589 2955 821 3011 Westen
841 2953 1159 3023 kommend,
1189 2953 1288 3008 der
1353 2971 1414 3008 u-

301 3027 460 3082 laeus
495 3023 566 3096 (U
573 3026 709 3095 lai).

372 3120 423 3170 2.
460 3115 883 3170 clementiore
917 3115 1130 3183 alveo,
1170 3112 1271 3168 ‘in
1305 3129 1414 3167 ru-

300 3185 614 3256 bigerem
664 3184 941 3251 Laufe’‚
994 3183 1254 3254 eigent1.:
1324 3181 1418 3239 ‘in

298 3253 1414 3327 wenigerabschi'iseigemBette’.So:

296 3330 578 3385 clementer
612 3329 915 3397 adsmyens
958 3327 1139 3395 collis,
1190 3326 1417 3382 clemens

296 3401 533 3456 divalus
567 3397 663 3454 bei
696 3398 813 3452 nkl.
854 3397 1316 3453 Schriftstellern.
1346 3427 1414 3437 —

296 3472 437 3526 leni
471 3475 698 3526 tractu
731 3469 838 3525 wie
878 3475 928 3526 8.
966 3473 1018 3524 4.
1056 3473 1107 3523 8.
1155 3465 1416 3522 Gemeint

297 3542 372 3596 ist
408 3540 498 3597 die
543 3541 749 3596 vorher
793 3541 900 3596 mit
924 3541 1087 3608 clm.
1124 3540 1276 3595 alveo
1316 3537 1412 3596 be·

299 3613 587 3681 zeichnete
626 3611 875 3668 Strecke.

370 3708 419 3757 3.
492 3701 676 3757 mille
724 3699 1078 3766 Thracum,
1124 3699 1237 3770 vgl.
1291 3697 1411 3753 Liv.

296 3777 384 3829 21.
412 3777 479 3826 61
516 3788 641 3827 cum
670 3771 849 3842 VIII
887 3772 1112 3827 milibus
1147 3770 1413 3840 peditum,

296 3844 539 3912 equitum
580 3843 745 3898 milla
786 3872 855 3883 -
902 3841 1235 3898 Uxiorum.
1310 3840 1414 3896 Die

298 3913 429 3983 Uxii
466 3916 634 3983 (pers.
672 3913 976 3983 Uscangha
1016 3912 1069 3968 d.
1105 3913 1143 3967 i.
1181 3910 1273 3967 die
1310 3909 1415 3966 Ge-

298 3985 602 4055 setzlosen)
657 4000 846 4038 waren
908 3983 999 4039 ein
1051 3980 1413 4038 Rauborvolk

300 4055 621 4124 persischen
660 4055 963 4123 Stammes,
1013 4052 1247 4110 sesshaft
1283 4051 1413 4107 awi-

297 4127 469 4181 schen
488 4125 617 4180 dem
632 4123 925 4196 Pasitigris
951 4143 1004 4179 u.
1027 4125 1153 4179 dem
1183 4123 1409 4193 eigentl.

299 4193 495 4253 Persis.
550 4227 619 4237 —
665 4196 1008 4252 Finitima
1062 4195 1256 4251 Susis
1318 4199 1412 4250 est

303 4267 409 4322 etc.
467 4268 523 4324 d.
559 4267 615 4322 h.
672 4267 753 4321 sie
798 4281 1040 4336 grenzen
1086 4263 1292 4320 estlich
1338 4281 1410 4319 an

304 4334 561 4404 Susiana,
607 4339 715 4392 wie
758 4337 1014 4392 westlich
1066 4352 1138 4390 an
1172 4335 1409 4391 Vorder-

1521 2632 1746 2703 pei-sien
1783 2634 1992 2702 (prima
2031 2633 2258 2701 Persis).
2297 2663 2366 2674 —
2403 2648 2639 2688 eaecur·

1521 2706 1619 2759 rit
1653 2705 1760 2759 wie
1789 2709 1838 2758 3.
1869 2708 1917 2758 4.
1950 2709 2000 2758 6.
2031 2733 2097 2742 -
2136 2704 2394 2758 aditum
2426 2704 2640 2758 relin-

1522 2791 1752 2845 quenS,
1783 2773 1944 2828 Sinn:
1973 2791 2077 2827 nur
2105 2774 2437 2856 zuganglich
2463 2772 2640 2827 durch

1523 2844 1689 2901 einen
1707 2861 1888 2913 engen
1905 2844 2053 2900 Pass.
2093 2844 2274 2899 Somit
2288 2848 2367 2899 ist
2387 2845 2642 2914 pervenit

1521 2918 1589 2971 in
1632 2917 1902 2987 reqionem
1955 2933 2084 2969 nur:
2141 2930 2202 2969 er
2247 2915 2380 2969 kam
2422 2931 2498 2969 an
2546 2914 2638 2969 die

1524 2987 1778 3043 Grenzen
1815 2985 1914 3042 der
1949 2985 2132 3040 Uxier.

1593 3081 1645 3130 4.
1721 3075 2086 3144 Medates,
2141 3074 2232 3130 ein
2279 3073 2457 3129 naher
2500 3071 2639 3127 Ver-

1521 3147 1775 3202 wandter
1792 3145 2102 3202 desDarius
2122 3147 2175 3216 (5
2188 3146 2374 3215 13).—
2392 3150 2640 3215 tempo-

1522 3233 1691 3286 rum,
1711 3217 1817 3272 wie
1847 3219 2120 3273 orationes
2155 3219 2180 3271 t
2361 3232 2454 3271 um
2489 3220 2638 3284 sunt,

1526 3289 1778 3344 ‘richten
1833 3289 1954 3344 sich
2007 3288 2154 3342 nach
2217 3287 2318 3342 der
2371 3284 2639 3342 Zeitstro-

1523 3360 1740 3430 mung’,
1773 3358 1885 3414 Cic.
1913 3378 1971 3429 p.
1990 3356 2206 3414 Cluent.
2239 3364 2368 3427 1393
2396 3359 2640 3414 omnium

1521 3433 1787 3487 horarum
1821 3431 1978 3486 homo
2015 3429 2247 3496 Quintil.
2286 3436 2334 3485 6.
2365 3436 2416 3485 3.
2448 3435 2550 3484 110
2584 3445 2638 3483 u.

1520 3503 1857 3571 temporaria
1897 3502 2127 3571 inqenia
2173 3501 2317 3557 oben
2363 3505 2412 3554 4.
2463 3504 2512 3554 5.
2554 3505 2638 3555 11.

1522 3573 1685 3628 Sinn:
1726 3572 1815 3627 ein
1851 3570 2025 3626 Manu
2061 3571 2162 3626 der
2199 3570 2508 3640 Situation,
2547 3570 2641 3626 ein

1520 3644 1779 3699 schlauer
1791 3642 2107 3699 Berechner
2127 3643 2225 3698 der
2234 3641 2637 3697 Verbaltninse.

1595 3737 1644 3787 5.
1719 3733 1926 3787 ealles
1976 3751 2020 3786 s.
2069 3738 2119 3787 8.
2171 3737 2253 3788 10.
2295 3736 2377 3786 10.
2435 3760 2502 3770 —
2559 3730 2637 3784 ab

1520 3804 1713 3871 urbe,
1750 3819 1861 3858 von
1895 3803 2172 3858 welcher?
2237 3801 2398 3856 Nach
2435 3799 2639 3855 Arrian

1520 3874 1724 3929 hatten
1761 3871 1853 3928 die
1891 3871 2062 3928 Uxier
2095 3892 2202 3928 nur
2238 3872 2459 3938 Dor-fen
2501 3869 2638 3926 aber

1524 3945 1669 3999 auch
1688 3943 1902 4000 Diodor
1927 3943 2141 4014 spricht
2157 3960 2271 3999 von
2292 3941 2543 3998 Stadten.
2567 3970 2637 3981 —

1520 4017 1767 4072 leviter
1802 4021 2122 4085 armaten,
2161 4032 2203 4070 s.
2242 4015 2305 4070 E.
2345 4018 2429 4069 62.

1594 4110 1643 4159 6.
1686 4101 1996 4160 Tauroni
2030 4121 2072 4161 S.
2112 4108 2162 4158 8.
2207 4107 2290 4159 14.
2330 4107 2412 4156 15.

1592 4199 1642 4248 7.
1679 4197 1874 4250 extra
1909 4198 1950 4249 t:
1987 4193 2263 4259 iactum,
2301 4190 2425 4246 hier
2450 4189 2555 4244 wie
2583 4195 2638 4246 4.

1518 4270 1570 4318 2.
1621 4269 1690 4318 23
1735 4281 1869 4319 nur:
1927 4262 2294 4334 geschfitzt
2336 4278 2457 4318 vor
2512 4259 2640 4317 Ge·

1518 4335 1859 4390 schossen.
