3069 4749
480 125 615 189 210
1390 127 1453 194 Q.
1494 126 1716 183 CURTI
1751 128 1926 184 RUFI

478 287 864 355 memoriam
910 288 1106 355 occisi
1149 311 1268 374 per
1301 290 1452 356 illos
1488 289 1957 376 Parmenionis,
2004 293 2177 377 quod
2213 293 2487 359 tacitum
2523 295 2852 377 prodesse

477 378 608 443 reis
665 377 837 463 apud
881 398 1103 465 regem
1146 382 1435 463 poterat,
1490 379 1912 444 intuebantur
1965 381 2149 466 laeti,
2194 382 2500 447 recidisse
2546 384 2716 449 iram
2763 385 2842 451 in

476 467 615 532 irae
660 467 998 533 ministros
1039 489 1158 533 nec
1204 467 1409 532 ullam
1444 468 1809 553 potentiam
1848 470 2088 535 scelere
2128 470 2490 555 quaesitam
2525 473 2841 557 cuiquam

407 566 440 615 7
478 576 618 621 esse
657 554 1049 622 diuturnam.
1120 556 1259 621 Rex
1296 556 1560 641 cognita
1597 578 1792 622 causa
1826 559 2278 642 pronuntiavit
2316 561 2400 625 ab
2439 564 2840 627 accusatori-

476 644 599 710 bus
662 668 863 711 unum
918 648 985 710 et
1039 644 1107 709 id
1172 646 1527 711 maximum
1593 645 1838 711 crimen
1899 668 2050 731 esse·
2093 649 2550 732 praeteritum,
2608 650 2854 737 despe-,

478 734 805 800 rationem
840 734 1071 799 salutis
1110 755 1291 799 suae:
1328 755 1687 819 numquam
1726 735 1900 800 enim
1933 736 2098 802 talia
2133 734 2435 822 ausuros,
2473 739 2584 823 qui
2613 740 2837 823 ipsum

480 844 559 889 ex
611 820 801 888 India
856 822 1171 907 sospitem
1224 826 1340 888 aut
1392 827 1734 906 optassent
1786 826 2027 891 reverti
2083 830 2199 891 aut
2255 826 2677 894 credidissent
2729 852 2834 893 re-

405 921 439 971 8
478 932 832 977 versurum.
920 910 1137 995 Igitur
1179 911 1301 977 hos
1355 912 1617 996 quidem
1662 912 1896 997 vinxit,
1949 930 2045 979 Dc
2093 918 2308 979 autem
2353 916 2664 1001 militum,
2717 919 2836 1003 qui

407 1011 440 1059 9
479 1000 793 1066 saevitiae
849 1021 1072 1065 eorum
1127 1000 1414 1065 ministri
1466 1000 1754 1085 fuerant,
1809 1002 2090 1068 interfici
2134 1004 2342 1069 iussit.
2428 1004 2682 1071 Eodem
2723 1007 2834 1072 die

478 1092 810 1174 sumptum
875 1092 975 1154 est
1039 1088 1429 1174 supplicium
1492 1089 1571 1153 de
1635 1090 1718 1155 iis
1785 1110 2039 1175 quoque
2052 1142 2072 1177 ,
2133 1114 2296 1177 quos
2361 1098 2660 1161 auctores
2721 1096 2833 1161 de-

476 1176 778 1243 fectionis
824 1176 1168 1243 Persarum
1216 1176 1521 1244 Craterus
1569 1178 1942 1244 adduxerat.

374 1278 443 1326 10
657 1264 850 1331 Haud
905 1267 1116 1332 multo
1171 1272 1325 1350 post
1368 1264 1708 1332 Nearchus
1765 1271 1830 1332 et
1877 1266 2302 1355 Onesicritus,
2357 1292 2520 1354 quos
2565 1272 2831 1357 longius
2853 1272 2910 1337 2

376 1366 442 1414 11
480 1356 551 1421 in
578 1354 905 1421 Oceanum
931 1356 1281 1439 procedere
1306 1356 1602 1441 iusserat,
1641 1358 2116 1441 superveniunt.
2171 1358 2585 1424 Nuntiabant
2611 1364 2832 1427 autem

483 1444 799 1529 quaedam
844 1444 1093 1528 audita,
1140 1445 1270 1510 alia
1316 1450 1652 1529 conperta:
1708 1447 1993 1511 insulam
2035 1446 2210 1513 ostio
2257 1449 2466 1513 amnis
2505 1450 2833 1516 obiectam

482 1556 638 1599 auro
705 1533 1060 1617 abundare,
1124 1534 1384 1617 inopem
1458 1556 1771 1619 equorum
1829 1556 1996 1601 esse:
2069 1537 2365 1620 singulos
2430 1558 2540 1602 eos
2597 1560 2830 1623 conpe-

479 1627 706 1689 rerant
770 1622 853 1689 ab
916 1622 1028 1706 iis,
1098 1623 1209 1707 qui
1264 1644 1342 1687 ex
1398 1623 1761 1689 continenti
1818 1624 2090 1689 traicere
2147 1625 2485 1710 auderent,
2551 1627 2831 1713 singulis

374 1722 442 1771 12
481 1710 747 1777 talentis
794 1711 936 1775 emi.
1014 1709 1287 1776 Plenum
1335 1732 1474 1776 esse
1520 1712 1860 1777 beluarum
1905 1734 2112 1778 mare:
2159 1718 2346 1779 aestu
2391 1715 2670 1781 secundo
2716 1738 2834 1783 eas

475 1800 635 1865 ferri
696 1819 1085 1885 magnarum
1147 1799 1412 1865 navium
1475 1821 1750 1885 corpora
1803 1805 2154 1886 aequantes
2163 1852 2182 1887 ,
2245 1804 2414 1868 truci
2471 1808 2666 1869 cantu
2721 1805 2829 1871 de-

475 1889 740 1954 territas
796 1889 981 1973 sequi
1035 1890 1307 1955 classem
1353 1911 1501 1955 cum
1547 1910 1784 1975 magno
1832 1891 2126 1975 aequoris
2172 1893 2451 1976 strepitu
2495 1894 2676 1958 velut
2721 1894 2832 1961 de-

372 1990 438 2041 13
478 1998 693 2043 mersa
737 1977 1003 2062 navigia
1048 1977 1300 2044 subisse
1347 1999 1567 2062 aquas.
1641 1976 1874 2044 Cetera
1907 1980 2140 2045 incolis
2178 1979 2605 2066 crediderant,
2650 1983 2836 2049 inter

478 2088 671 2151 quae:
728 2066 999 2131 rubrum
1052 2089 1232 2132 mare
1287 2088 1419 2132 non
1465 2090 1505 2132 a
1551 2068 1766 2133 colore
1820 2067 2166 2153 undarum,
2219 2072 2294 2133 ut
2347 2071 2643 2156 plerique
2692 2094 2829 2138 cre·

372 2167 443 2217 14
484 2156 737 2240 derent,
796 2156 913 2224 ‚sed
978 2155 1060 2220 ab
1114 2154 1405 2241 Erythro
1468 2176 1623 2241 rege
1689 2156 2027 2241 appellari,
2091 2180 2232 2223 esse
2288 2158 2460 2223 haud
2513 2161 2742 2243 procul
2787 2184 2830 2225 a

476 2244 836 2310 continenti
892 2242 1177 2309 insulam
1228 2246 1471 2330 palmis
1525 2246 1976 2331 frequentibus
2023 2247 2340 2312 consitam
2387 2252 2453 2313 et
2497 2249 2566 2313 in
2610 2250 2834 2316 medio

547 2461 605 2537 εξ..
652 2457 822 2526 quod
876 2455 1160 2537 tacitum
1209 2496 1222 2509 .
1272 2497 1285 2510 .
1324 2461 1602 2526 poterat
1709 2455 1896 2512 Behuf
1961 2456 2061 2512 der
2123 2457 2672 2531 Berichterstattung
2735 2479 2828 2515 zu-

474 2527 580 2580 fre1
626 2527 876 2594 bezogen
930 2525 1032 2580 auf
1080 2525 1171 2580 die
1216 2541 1431 2610 gauzen
1474 2545 1599 2582 vor·
1709 2527 2174 2585 sammentreffen.
2521 2601 2534 2612 ·

472 2595 869 2666 hergehenden
878 2595 1099 2664 Worte3
1120 2602 1364 2668 tamtum,
1379 2598 1599 2654 ‘unbe-
1780 2605 1862 2656 11.
1915 2613 2046 2654 con
2050 2605 2302 2671 perta,
2347 2616 2448 2655 aus
2485 2617 2680 2671 signer
2711 2603 2828 2656 An·

354 2659 365 2671 ’
475 2668 837 2738 sprochen,
864 2668 1179 2738 gebeim'‚
1205 2669 1359 2724 steht
1378 2669 1470 2724 ffir
1495 2670 1597 2725 das
1704 2670 2340 2740 schauungBekanntes‚
2359 2671 2830 2730 Selbsterforsch-

472 2737 835 2795 Adverbium.
860 2770 927 2778 -—
956 2741 1031 2794 in
1055 2741 1202 2796 irae
1226 2742 1594 2798 ministros.
1701 2743 1802 2796 tes.
1842 2773 1910 2782 -
1946 2742 2256 2798 insulam.
2317 2741 2460 2797 Ph‘n.
2498 2761 2552 2798 n.
2580 2744 2634 2799 h.
2672 2750 2724 2800 6.
2753 2751 2828 2800 80

478 2806 607 2882 Vgl.
645 2810 765 2866 Liv.
797 2817 881 2865 24.
910 2817 999 2866 25.
1028 2816 1061 2866 8
1098 2827 1213 2866 non
1248 2813 1445 2868 desunt
1478 2814 1594 2868 ira·
1700 2813 1980 2868 berichtet
2005 2811 2364 2882 Aehnliches‚
2395 2813 2531 2868 aber
2555 2813 2664 2870 mit
2691 2815 2832 2871 dem*

473 2887 597 2936 rum
655 2883 998 2954 indulyentes
1049 2884 1295 2938 ministri
1346 2901 1400 2938 u.
1457 2883 1590 2940 Tac.
1698 2884 2062 2938 zweifelnden
2085 2883 2305 2938 Beisatz
2331 2886 2476 2954 quod
2503 2885 2682 2954 aliqui
2707 2891 2826 2942 tra-

476 2969 601 3008 arm.
659 2960 708 3010 ’6.
764 2959 831 3008 10
884 2970 991 3024 quo
1044 2953 1242 3010 Ζαεῡὴιε
1295 2961 1591 3024 acceptum,
1699 2956 1898 3022 didere,
1924 2971 2038 3011 von
2065 2954 2175 3010 den
2197 2955 2401 3010 beiden
2419 2965 2492 3010 an
2511 2955 2610 3010 der
2629 2957 2824 3012 Indus-

472 3040 580 3078 sua
641 3026 885 3094 exempla
946 3026 1011 3080 in
1072 3027 1401 3082 consultores
1456 3027 1592 3081 rcci-
1697 3026 1987 3096 munduug
2034 3024 2330 3096 liegenden
2375 3027 2562 3082 Inseln
2609 3027 2824 3098 Chryse

472 3095 628 3150 disse.
676 3126 746 3136 ——
792 3098 1168 3166 quaesitam
1204 3096 1311 3152 wie
1348 3102 1379 3164 ἓ
1414 3102 1482 3152 27
1521 3123 1590 3144 =
1696 3097 1814 3151 und
1839 3097 2068 3167 Argyre.
2101 3128 2168 3136 —-
2197 3104 2670 3166 conpererant,
2696 3099 2828 3154 hier

462 3171 705 3235 partam.
1696 3185 1826 3223 nur:
1879 3167 1960 3222 sie
1997 3167 2194 3222 hatten
2232 3185 2315 3223 an
2353 3167 2474 3224 Ort
2508 3187 2561 3225 u.
2603 3169 2828 3224 Stelle

547 3243 593 3292 ⁷.
631 3242 989 3307 optassent.
1053 3239 1167 3295 Der
1194 3240 1339 3295 auch
1362 3238 1457 3294 bei
1476 3238 1588 3296 Cic.
1698 3238 1784 3293 als
1820 3255 1963 3310 ganz
1998 3238 2266 3309 verbsirgt
2309 3238 2584 3310 gehort3
2629 3241 2696 3295 ab
2741 3241 2825 3295 iis

470 3307 774 3364 vereinzelt
806 3311 1243 3366 vorkommende
1272 3327 1387 3366 acc.
1416 3328 1464 3365 c.
1491 3309 1591 3365 inf.

470 3379 565 3434 bei
598 3386 788 3448 optare
822 3381 899 3436 ist
922 3381 1047 3435 hier
1072 3381 1219 3436 noch
1246 3381 1389 3436 dazu
1414 3381 1594 3437 durch

472 3450 582 3506 den
617 3449 1035 3506 Parallelismus
1074 3451 1470 3523 entnchuldigt.

544 3525 594 3577 8.
634 3523 879 3578 vinxit.
943 3523 1105 3578 Nach
1131 3522 1335 3578 Arrian
1360 3523 1592 3578 wurden

474 3591 556 3647 sie
590 3591 725 3647 bald
762 3591 969 3649 darauf
997 3592 1392 3664 hingerichtet.
1458 3595 1590 3664 Vgl.

474 3663 739 3733 iibrigens
776 3663 937 3721 Diod.
979 3670 1061 3720 17.
1103 3670 1222 3720 106.
1260 3671 1311 3719 2.

487 3749 493 3756 ·
544 3738 592 3790 9.
617 3735 941 3791 Craterus
966 3737 1430 3806 adduxerat‚s.
1444 3737 1589 3792 oben

546 3883 629 3934 10.
686 3878 904 3932 Haud
937 3881 1160 3934 multo
1195 3883 1395 3950 poet,
1441 3877 1590 3933 nach

470 3948 684 4004 Diodor
744 3948 1011 4004 wahrend
1075 3951 1173 4004 des
1225 3949 1590 4005 Aufenthalts

470 4021 569 4075 des
606 4019 960 4076 Landheeres
996 4022 1057 4076 in
1092 4022 1191 4076 der
1219 4020 1592 4076 Kfistenstadt

472 4091 708 4147 Saluius.
767 4123 832 4131 —
881 4093 1271 4161 procedere,
1325 4107 1439 4146 von
1492 4091 1592 4147 der

469 4161 659 4216 Flotte
696 4180 739 4217 s.
778 4167 827 4216 9.
863 4167 915 4217 9.
942 4168 1026 4218 27.
1103 4163 1212 4217 Zur
1250 4161 1428 4218 Sache
1464 4180 1506 4218 s.
1539 4167 1589 4218 9.

474 4237 557 4292 10,
582 4239 632 4287 3.
696 4231 859 4287 Auch
885 4232 1091 4290 Arrian
1114 4235 1257 4289 lasst
1282 4234 1393 4289 den
1419 4233 1592 4290 Near-

470 4299 608 4354 chus
650 4302 711 4356 in
747 4302 1079 4360 Carmanien
1122 4304 1230 4360 mit
1263 4303 1423 4360 Alex.
1466 4321 1592 4360 zum

1701 3309 1809 3365 mit
1843 3311 1947 3365 emi
1982 3328 2050 3364 zu
2085 3310 2409 3366 verbinden.

1777 3386 1861 3434 12.
1911 3382 2322 3436 deterritas
2365 3383 2588 3450 sequi.
2660 3380 2825 3436 Auch

1701 3449 1985 3508 Classiker
2010 3451 2315 3507 verbindeu
2343 3451 2467 3506 hier
2493 3453 2606 3506 und
2633 3453 2710 3508 da
2733 3454 2826 3508 de-

1697 3527 1900 3578 terreor
1924 3521 2033 3576 mit
2061 3523 2188 3578 dem
2214 3522 2412 3576 infinit.
2437 3553 2506 3563 --
2527 3525 2825 3596 demersa

1697 3593 1751 3647 d.
1765 3593 1802 3648 i.
1825 3591 2168 3648 καταδύντα.
2206 3593 2321 3648 Der
2341 3593 2543 3648 infinit.
2559 3595 2704 3664 perf.
2726 3595 2820 3650 bc-

1697 3663 1954 3720 zeichnet
1965 3665 2066 3720 das
2083 3664 2413 3720 wiederholt
2422 3665 2822 3721 Beobachtete.

1770 3741 1854 3790 13.
1889 3737 2350 3803 crediderant,
2377 3735 2487 3791 (1.1.
2516 3737 2596 3792 sie
2622 3736 2824 3792 hatten

1695 3825 1820 3861 nur
1847 3807 1950 3862 auf
1965 3807 2111 3886 'ficu
2127 3806 2244 3861 und
2263 3806 2518 3862 Glauben
2535 3807 2822 3876 erfahreu3

1697 3878 1846 3932 denn
1882 3877 1981 3932 das
2019 3882 2050 3944 5
2083 3884 2147 3932 11
2187 3878 2300 3932 und
2341 3883 2405 3933 12
2433 3878 2698 3934 Erzahlte
2726 3895 2822 3949 ge-

1696 3949 1862 4004 herte
1889 3967 1958 4004 zu
1997 3949 2106 4004 den
2143 3950 2262 4003 alia
2299 3955 2571 4019 conperta.
2611 3981 2680 3990 —-·
2705 3967 2824 4005 rw·

1699 4021 1886 4076 brum
1911 4037 2103 4075 marc.
2151 4019 2414 4076 Dieselbe
2444 4020 2612 4075 Notiz
2637 4020 2742 4076 hat
2759 4020 2821 4076 C.

1703 4092 1875 4146 schon
1911 4095 1962 4145 8.
1999 4095 2051 4146 9.
2088 4097 2160 4154 ,14
2195 4093 2466 4174 gegeben.
2516 4123 2584 4132 —
2630 4093 2822 4148 insu-

1699 4163 1843 4218 lam.
1908 4161 2112 4218 Arx-ian
2139 4161 2338 4232 (Indae.
2356 4169 2439 4218 37.
2461 4169 2493 4217 2
2513 4163 2627 4218 und
2648 4165 2704 4232 3)
2725 4163 2822 4217 be-

1699 4233 1909 4290 richtet
1941 4231 2002 4286 in
2037 4233 2138 4289 dor
2163 4233 2523 4304 Hauptsache
2557 4233 2821 4290 dasselbe

1698 4321 1813 4360 von
1847 4303 1946 4360 der
1981 4305 2131 4360 Insel
2163 4299 2457 4374 Ὀάρακτα.
