3069 4749
426 180 511 246 70
1365 184 1428 248 Q.
1468 183 1688 235 cUR'n
1721 184 1896 236 RUFI

352 367 385 415 5
428 364 645 408 amore
693 343 901 407 amnis
948 347 1234 408 retentas
1281 343 1351 407 in
1398 343 1517 407 illa
1562 365 1720 428 rupe
1769 345 2120 411 considere.
2193 343 2497 410 Ceterum
2545 367 2771 429 quam-

423 432 532 496 diu
577 431 751 496 intra
786 454 1006 497 muros
1043 431 1208 514 fluit,
1244 454 1483 499 nomen
1518 453 1708 497 suum
1743 434 2006 499 retinet:
2053 438 2122 498 at
2159 456 2304 499 cum
2345 437 2526 499 extra
2561 434 2771 498 muni-

423 524 645 584 menta
692 541 760 585 se
808 521 1077 605 evolvit,
1132 522 1380 586 maiore
1434 521 1503 585 vi
1560 543 1636 585 ac
1690 524 1861 586 mole
1917 526 2221 606 agentem
2266 522 2476 587 undas
2523 522 2771 607 Lycum

352 634 383 683 θ
424 610 773 694 appellant.
838 609 1204 675 Alexander
1240 609 1505 694 quidem
1538 611 1765 678 urbem
1803 605 2192 676 destitutam
2239 612 2321 676 ab
2369 610 2502 676 suis
2549 612 2774 696 intrat,

422 719 635 763 arcem
672 720 839 782 vero,
889 699 959 764 in
1002 721 1197 801 quam
1244 697 1700 784 confugerant,
1736 720 2112 784 oppugnare
2161 700 2427 764 adortus
2466 699 2772 766 caducea-

420 789 632 851 torem
668 787 1024 871 praemisit,
1062 788 1175 872 qui
1212 787 1641 872 denuntiaret,
1677 788 1748 852 ni
1785 787 2106 873 dederent,
2152 789 2328 872 ipsos
2364 790 2594 854 ultima
2627 809 2770 854 esse

353 901 383 950 7
420 897 749 961 passuros.
820 875 929 940 Illi
973 876 1463 943 caduceatorem
1500 876 1573 939 in
1607 880 1853 941 turrem
1892 881 1958 941 et
1996 878 2127 942 situ
2163 881 2230 942 et
2266 899 2455 961 opere
2491 879 2770 942 multum

423 965 665 1029 editam
703 965 1101 1050 perductum,
1138 969 1382 1050 quanta
1418 967 1592 1030 esset
1628 965 1924 1044 altitude,
1971 966 2210 1031 intueri
2237 966 2463 1031 iubent
2490 961 2576 1031 ac'
2601 988 2770 1031 nun-

419 1052 573 1118 tiari
600 1053 989 1138 Alexandro,
1015 1076 1149 1120 non
1188 1054 1467 1119 eadem'
1447 1076 1660 1138 ipsum
1701 1058 1766 1118 et
1801 1055 2052 1120 incolas
2083 1056 2531 1120 aestimatione
2560 1053 2768 1119 muni-

420 1146 639 1207 menta
683 1143 925 1208 metiri.
982 1151 1051 1208 se
1106 1144 1270 1208 scire
1327 1142 1868 1229 inexpugnabiles
1925 1164 2092 1228 esse,
2150 1144 2230 1209 ad
2285 1145 2589 1210 ultimum
2649 1165 2767 1228 pro
2817 1213 2825 1220 ,

351 1258 383 1306 g
423 1230 548 1333 ,fide
594 1231 965 1297 morituros.
1036 1210 1340 1302 Ueterum
1386 1235 1459 1296 ut
1503 1232 1957 1297 circumsederi
2004 1254 2217 1298 arcem
2265 1236 2330 1297 et
2376 1234 2597 1298 omnia
2643 1233 2772 1298 sibi

420 1318 489 1385 in
536 1319 673 1385 dies
720 1321 964 1386 artiora
1010 1342 1149 1386 esse
1194 1321 1511 1404 viderunt,
1559 1321 1900 1406 sexaginta
1943 1321 2190 1386 dierum
2233 1321 2528 1387 inducias
2574 1322 2768 1406 pacti,

423 1412 525 1492 ut,
583 1409 712 1473 nisi
778 1410 952 1474 intra
1006 1431 1116 1475 eos
1184 1409 1495 1475 auxilium
1552 1408 1802 1474 Dareus
1857 1410 2016 1494 ipsis
2081 1410 2395 1495 misisset,
2461 1409 2768 1474 dederent

423 1459 675 1581 urbem,
729 1501 1079 1584 postquam
1131 1499 1297 1563 nihil
1344 1498 1493 1562 inde
1538 1498 1844 1582 praesidii
1899 1499 2308 1582 mittebatur,
2366 1499 2446 1563 ad
2493 1499 2765 1582 praesti-

418 1589 630 1651 tutam
677 1587 845 1651 diem
882 1587 1231 1671 permisere
1278 1609 1347 1652 se
1392 1587 1551 1672 regi.

350 1700 381 1748 9
602 1673 1079 1760 Superveniunt
1108 1675 1334 1740 deinde
1372 1675 1576 1760 legati
1604 1674 2104 1740 Atheniensium
2140 1637 2452 1761 petentes,
2486 1679 2563 1740 ut
2591 1675 2768 1758 capti

422 1763 596 1848 apud
644 1762 994 1830 Granicum
1042 1787 1302 1830 amnem
1346 1765 1764 1829 redderentur
1811 1763 1953 1828 sibi.
2042 1763 2160 1828 Ille
2207 1785 2341 1830 non
2384 1764 2507 1830 hos
2555 1763 2767 1848 modo,

424 1852 535 1917 sed
574 1853 773 1917 etiam
802 1857 1049 1919 ceteros
1080 1851 1363 1919 Graecos
1391 1853 1650 1918 restitui
1689 1853 1825 1918 suis
1861 1852 2187 1918 iussurum
2213 1853 2553 1936 respondit
2578 1851 2767 1917 finito

319 1965 385 2016 10
426 1939 688 2006 Persico
736 1942 929 2009 bello.
1020 1940 1323 2008 Ceterum
1368 1941 1585 2006 Dareo
1631 1942 2008 2026 imminens,
2064 1963 2255 2026 quem
2299 1941 2592 2007 nondum
2639 1940 2768 2006 Eu-

421 2030 701 2115 phraten
746 2053 1085 2116 superasse
1121 2035 1533 2116 cognoverat,
1578 2030 1860 2114 undique
1899 2052 2125 2096 omnes
2162 2030 2380 2115 copias
2420 2028 2767 2113 contrahit,

420 2119 582 2184 totis
628 2120 871 2185 viribus
916 2122 1089 2186 tanti
1134 2120 1288 2184 belli
1334 2119 1682 2185 discrimen
1729 2119 2037 2187 aditurus.

312 2233 377 2282 11
504 2211 513 2218 ‘
595 2207 883 2294 Phrygia
921 2212 1078 2293 erat,
1121 2231 1238 2292 per
1275 2229 1470 2293 quam
1507 2208 1864 2273 ducebatur
1900 2207 2234 2312 exercitus,
2270 2205 2569 2290 pluribus
2605 2207 2765 2271 vicis
2794 2203 2836 2268 2

423 2363 638 2432 ‘',Bahn
696 2364 876 2420 Raum
925 2364 1171 2422 schaffen
1220 2365 1312 2420 ffir
1365 2366 1539 2421 etwas
1718 2371 1770 2421 8.
1809 2367 2104 2431 artiora,
2149 2361 2258 2419 wie
2295 2363 2410 2419 ωτι·
2444 2368 2768 2419 commeatus

418 2435 556 2490 oder
586 2436 933 2505 jemanden'.
1646 2436 1740 2491 bei
1769 2436 1918 2504 Liv.,
1951 2434 2154 2491 Caesar
2181 2436 2424 2490 braucht
2456 2435 2518 2489 in
2556 2436 2768 2491 diesem

489 2511 539 2560 5.
576 2512 799 2575 extra,
836 2507 940 2562 auf
970 2506 1063 2563 die
1092 2508 1273 2577 Frage
1310 2507 1537 2563 wohin?
1647 2507 1820 2563 Sinne
1863 2525 1976 2578 amq
1975 2512 2146 2563 astas.
2195 2536 2265 2547 --
2308 2508 2560 2573 urbem,
2621 2507 2768 2561 deun

419 2594 461 2633 s.
498 2576 565 2631 Ε.
604 2581 689 2633 58.
738 2609 807 2619 -
856 2580 925 2634 vi
968 2596 1045 2634 ac
1088 2580 1279 2645 mole,
1329 2578 1479 2649 ‘Ung
1481 2597 1536 2635 e·
1646 2525 2031 2648 durchUberg
2033 2580 2138 2632 abe
2158 2577 2258 2631 der
2277 2576 2432 2647 Burg
2460 2548 2763 2647 gesangten

417 2649 565 2704 stum
582 2649 699 2703 und
714 2648 979 2717 Wucht',
1016 2651 1075 2705 vi
1104 2650 1203 2706 auf
1220 2620 1311 2705 die
1334 2650 1538 2705 Starke
1645 2649 1737 2704 die
1757 2648 1972 2704 Maced.
1992 2597 2188 2704 erstin
2207 2648 2317 2703 den
2344 2649 2550 2715 vollen,
2582 2648 2760 2703 siche-

418 2720 517 2774 der
537 2720 857 2791 Stromung,
885 2722 1022 2776 mole
1049 2721 1151 2776 auf
1174 2722 1265 2775 die
1286 2720 1538 2775 Wasser-
1646 2719 1942 2776 renBesitz
1957 2718 2248 2775 derStadt.
2267 2737 2435 2775 —mt
2425 2720 2763 2773 ttebatar.

415 2807 618 2860 menge
662 2791 1030 2847 hindeutend.
1070 2824 1139 2834 -—
1176 2793 1432 2863 Lycum
1468 2816 1538 2838 =
1643 2778 1795 2846 Uber
1849 2792 1950 2846 das
1995 2788 2157 2859 impf.
2205 2808 2248 2845 s.
2297 2791 2520 2845 E.139.
2590 2776 2766 2843 Uber-

418 2862 793 2919 Maeandaum
828 2868 928 2935 (vg
928 2864 964 2917 l.
1002 2869 1033 2929 ς
1069 2865 1142 2933 2).
1647 2864 1823 2918 setae·
1862 2863 1948 2916 als
1981 2861 2188 2916 immer
2223 2861 2337 2916 und
2371 2860 2572 2914 immet
2607 2859 2765 2915 nicht

488 2940 538 2989 6.
594 2933 783 2990 Alex.
822 2882 1085 3007 qagidem
1128 2935 1281 2989 steht
1313 2933 1393 2987 im
1430 2932 1538 2989 Ge·
1645 2933 1796 2987 kam.
1820 2964 1887 2973 -
1913 2950 2110 3001 parm.
2147 2948 2214 2986 se
2245 2932 2416 3001 reqi,
2443 2928 2764 3000 brachylog.

416 3020 570 3075 gens.
620 3024 688 3059 zu
731 3006 821 3061 illi
869 3010 921 3075 (5
962 3007 1013 3075 7)
1052 3024 1093 3061 s.
1132 3004 1195 3060 Ε.
1237 3010 1366 3070 1543
1414 3020 1540 3060 vero
1645 3002 1685 3058 f.
1723 3005 1951 3071 dicioni,
1985 3004 2242 3073 potestati
2275 3002 2434 3072 reyia
2476 3000 2603 3071 Vgl.
2635 3006 2684 3056 6.
2715 3006 2764 3057 7.

418 3075 597 3131 bildet
634 3076 742 3130 den
781 3076 902 3146 Geg
904 3094 1020 3133 ens.
1058 3095 1126 3131 zu
1162 3077 1271 3131 den
1306 3076 1533 3130 vorher-
1647 3082 1680 3129 9
1729 3076 1845 3129 und
1890 3075 2010 3129 Liv.
2058 3080 2146 3130 40.
2185 3080 2272 3129 49.
2311 3079 2346 3127 4
2398 3072 2669 3128 Romanis
2711 3088 2768 3127 80

416 3145 709 3216 gehenden
739 3096 991 3203 Worten.
1037 3146 1142 3202 Die
1173 3145 1340 3202 Stadt
1364 3147 1538 3201 nahm
1637 3147 2011 3215 permiserunt
2045 3146 2110 3199 in
2137 3146 2420 3201 dicionem.
2459 3144 2620 3197 Nach
2638 3142 2761 3198 Arr.

416 3218 575 3272 Alex.
615 3218 761 3273 ohne
800 3218 1109 3287 Schwierig
1109 3217 1232 3272 keit
1278 3218 1393 3285 ein3
1446 3217 1537 3271 die
1648 3217 1887 3287 erfolgte
1955 3216 2048 3271 die
2104 3202 2400 3286 Uber-gabe
2472 3214 2633 3269 nicht
2695 3231 2771 3269 an

415 3286 571 3359 Burg
599 3289 736 3343 aber
764 3289 931 3345 schuf
953 3288 1304 3344 Aufenthalt.
1330 3318 1403 3329 -—
1428 3290 1537 3343 de·
1647 3288 1805 3343 Alex.
1845 3288 2051 3355 solbet,
2097 3285 2432 3341 schwerlich
2467 3284 2610 3339 wird
2647 3284 2768 3339 der-

414 3359 678 3427 derent‚
726 3376 802 3413 se.
846 3376 1025 3415 arcem
1060 3360 1199 3415 oder
1235 3360 1335 3414 das
1372 3359 1541 3414 Wort
1647 3357 1803 3414 selbe
1841 3360 1985 3414 auch
2034 3363 2105 3413 60
2141 3358 2299 3427 Tage
2342 3372 2446 3411 vor
2493 3354 2767 3411 Celaenae

416 3429 495 3485 ist
513 3402 740 3486 absolut
760 3431 1089 3500 gebi-sucht,
1119 3432 1225 3487 wie
1244 3430 1538 3486 mehrfach
1645 3429 1884 3500 gelegen
1919 3430 2124 3484 haben.

416 3501 511 3556 bei
546 3500 686 3569 Liv„
724 3526 793 3549 ==
818 3501 1217 3571 kapitulieren.
1246 3532 1317 3542 —-·
1353 3503 1539 3571 ipsos
1717 3507 1766 3556 9.
1797 3502 2064 3565 deinde,
2090 3500 2238 3555 nach
2256 3499 2377 3554 Arr.
2398 3498 2458 3553 in
2477 3495 2766 3553 Gordium.

420 3572 535 3627 die
573 3572 933 3628 Einwohner'
975 3573 1053 3628 im
1091 3572 1407 3644 Gegensatz
1442 3590 1539 3627 zur
1645 3602 1714 3613 —-
1751 3573 1966 3640 finito
2012 3572 2204 3627 bello,
2277 3570 2410 3625 Man
2445 3568 2812 3639 vergleiche

419 3643 601 3699 Stadt.
676 3643 729 3698 S.
769 3644 831 3699 Ε.
870 3650 957 3699 27.
1647 3643 1738 3697 die
1785 3644 2066 3707 Antwort,
2113 3639 2205 3695 die
2241 3639 2400 3695 Alex.
2447 3641 2556 3694 den
2591 3638 2767 3694 Athe-

491 3720 540 3771 7.
578 3731 799 3785 opere,
837 3715 1116 3772 kollektiv
1157 3740 1225 3762 =
1264 3715 1538 3784 operatus,
1645 3730 1784 3769 nern
1830 3713 1979 3769 nach
2024 3683 2126 3767 der
2162 3710 2446 3767 Schlacht
2475 3708 2571 3765 bei
2616 3710 2767 3765 Issus

416 3784 525 3841 wie
555 3786 710 3842 Caes.
740 3785 884 3842 b.(}.
914 3792 965 3843 5.
995 3792 1080 3843 21.
1119 3774 1270 3841 Uber
1304 3787 1538 3841 multum
1645 3784 1822 3854 giem,
1859 3791 1908 3839 4.
1951 3790 2000 3839 s.
2042 3790 2126 3837 ι2.

416 3876 456 3915 s.
494 3858 557 3913 E.
600 3863 684 3913 72.
706 3874 937 3913 -non
972 3859 1233 3914 eadem.
1254 3862 1384 3923 .,et
1421 3856 1536 3925 vgl.
1719 3862 1802 3911 10.
1867 3871 2085 3911 omnes
2129 3854 2388 3923 copias,
2441 3850 2589 3907 nach
2641 3851 2763 3919 Arr,

420 3928 555 3984 Sall.
586 3928 753 3984 Catil.
776 3934 869 3985 58.
904 3936 969 3983 11
1008 3945 1123 3985 non
1159 3930 1343 3984 eadem
1378 3928 1539 3982 nobis
1647 3932 1787 3983 8650
1822 3928 1996 3981 Mami
2031 3925 2554 3995 neuangekommne
2589 3922 2765 3990 Trup-

416 4006 467 4055 et
510 4002 642 4057 illis.
692 4030 760 4041 ·—-
810 4002 969 4056 inex
1024 4000 1382 4069 uynabiles
1426 4014 1539 4053 von
1644 4015 1756 4067 pen
1784 3999 1955 4054 sowie
1983 3998 2084 4052 das
2125 3994 2272 4065 Oorp
2273 4014 2299 4050 s
2328 3996 2426 4050 des
2453 3993 2765 4059 Parmenio,

416 4072 700 4128 Personen
748 4072 922 4126 sehon
1008 4071 1060 4124 ei
1096 4068 1237 4134 cic„
1284 4069 1398 4140 vgl.
1444 4086 1538 4123 ex-
1649 4070 1748 4124 das
1783 4086 1894 4125 von
1922 4067 2143 4136 Sardes,
2179 4083 2266 4121 wo
2303 4082 2364 4121 es
2401 4034 2768 4120 fiberwintert

412 4159 667 4227 puy‘mqe
703 4142 938 4211 aliquem
982 4171 1053 4181 —
1082 4141 1167 4195 ad
1200 4142 1539 4207 ultimum,
1649 4142 1828 4208 hatte,
1865 4140 1967 4194 auf
1991 4140 2121 4194 dem
2147 4138 2395 4207 geraden
2411 4136 2591 4207 Wege
2619 4135 2766 4189 nach

416 4212 564 4268 hier.
602 4214 683 4268 im
720 4160 1031 4268 aussersten
1068 4211 1227 4266 Falle
1266 4231 1309 4267 s.
1348 4211 1410 4265 Ε.
1450 4217 1538 4267 40.
1649 4210 1918 4267 Gordium
1953 4210 2104 4264 kam.

420 4312 488 4323 —
518 4300 627 4353 pro
671 4285 883 4352 fide=
920 4284 1103 4338 ihrem
1140 4280 1281 4337 Eide
1327 4284 1541 4365 getreu,
1723 4288 1806 4337 11.
1862 4281 2044 4353 Phry
2005 4281 2172 4405 ῃὲἰα
2225 4282 2393 4335 erat.
2467 4264 2620 4332 Uber
2673 4275 2764 4330 die

420 4354 528 4409 wie
557 4358 609 4409 5.
639 4360 689 4410 3.
722 4360 758 4409 4
787 4371 895 4424 pro
920 4356 1029 4423 fide
1055 4355 1256 4411 ultima
1282 4354 1540 4423 experiri.
1652 4351 1925 4407 Satzform
1973 4370 2015 4407 s.
2161 4356 2263 4405 126
2301 4352 2463 4405 Αιιιιι.
2509 4378 2583 4387 -
2626 4347 2763 4415 fre-
