3069 4749
384 158 514 224 168
1304 164 1367 225 Q.
1408 162 1628 213 cmm
1663 107 1839 214 num

280 333 348 382 32
390 322 661 387 adversa
689 343 807 386 ora
831 321 1141 402 fodiebat,
1177 321 1571 407 fugientium
1617 325 1824 409 terga.
1886 321 2156 407 Iamque
2189 345 2327 389 non
2361 345 2601 410 pugna,
2631 326 2741 391 sed

389 411 615 475 caedes
654 414 810 493 erat,
854 432 1003 477 cum
1038 409 1289 477 Dareus
1328 432 1584 497 quoque
1621 432 1881 477 currum
1919 434 2107 477 suum
2151 412 2222 477 in
2267 412 2490 497 fugam
2528 414 2742 479 vertit.

389 498 725 565 Haerebat
760 500 831 565 in
864 499 1069 584 tergis
1106 500 1497 585 fugientium
1532 500 1764 585 victor,
1808 500 1921 565 sed
1956 504 2372 585 prospectum
2409 503 2743 570 oculorum

388 589 595 653 nubes
640 588 957 671 pulveris,
1010 608 1177 671 quae
1225 589 1306 655 ad
1352 589 1604 654 caelum
1649 589 2056 672 efferebatur,
2115 590 2497 657 abstulerat.
2559 591 2744 678 Ergo

385 676 561 743 haud
608 698 791 743 secus
838 698 1035 761 quam
1079 676 1151 741 in
1194 677 1483 743 tenebris
1528 678 1853 760 errabant,
1898 678 1982 743 ad
2027 698 2262 743 sonum
2313 682 2509 745 notae
2563 681 2747 747 vocis

283 778 352 829 33
391 770 509 831 aut
563 765 822 851 signum
878 766 1155 831 subinde
1212 769 1536 831 coeuntes.
1624 765 2083 835 Exaudiebant
2143 771 2366 833 tamen
2431 769 2745 853 strepitus

388 853 817 937 habenarum,
872 854 1108 939 quibus
1165 855 1313 939 equi
1367 876 1626 920 currum
1681 856 1992 921 vehentes
2049 856 2402 921 identidem
2452 856 2745 922 verbera-

232 876 313 1139 bs
399 943 665 1009 bantur:
708 942 873 1009 haee
916 943 1057 1009 sola
1099 942 1417 1028 fugientis
1462 945 1746 1030 vestigia
1791 948 2061 1029 excepta
2105 949 2273 1010 sunt.
2329 945 2409 1014 s

1383 1208 1549 1276 Off.
1591 1209 1772 1277 XVI.

323 1365 350 1413 1
581 1352 670 1416 At
723 1351 791 1415 in
844 1352 1031 1416 laevo
1079 1350 1503 1416 Macedonum
1563 1372 1761 1417 cornu
1805 1386 1896 1398 -
1938 1349 2319 1437 Parmeni0,
2376 1353 2546 1419 sicut
2600 1357 2750 1421 ante
2770 1352 2862 1417 60

397 1447 487 1509 est
530 1441 792 1525 dictum,
838 1439 1147 1505 tuebatur
1176 1476 1254 1488 —-
1288 1441 1483 1525 longe
1530 1440 1662 1505 alia
1707 1439 1972 1506 fortuna
2017 1439 2354 1526 utriusque
2389 1442 2596 1526 partis
2641 1466 2746 1509 res

400 1530 765 1617 gerebatur.
855 1528 1159 1594 Mazaeus
1216 1550 1364 1593 cum
1422 1529 1602 1593 omni
1657 1549 1922 1594 suorum
1976 1529 2269 1615 equitatu
2333 1530 2749 1597 vehementer

328 1631 361 1679 2
399 1621 687 1684 invectus
742 1618 1023 1703 urgebat
1076 1616 1505 1682 Macedonum
1561 1618 1716 1683 alas.
1808 1616 2074 1702 Iamque
2133 1618 2472 1685 abundans
2534 1622 2750 1686 multi-

397 1708 621 1773 tudine
668 1705 873 1771 aciem
920 1706 1314 1771 circumvehi
1358 1710 1675 1790 coeperat,
1722 1728 1868 1772 cum
1904 1705 2250 1773 Parmenio
2299 1710 2551 1794 equites
2587 1732 2749 1775 nun·

398 1797 563 1861 tiare
599 1795 783 1860 iubet
818 1794 1210 1874 Alexandm,
1254 1795 1325 1860 in
1363 1816 1489 1879 quo
1528 1794 1899 1861 discrimine
1934 1793 2066 1880 ipsi
2103 1800 2350 1863 essent:
2386 1798 2457 1863 ni
2494 1801 2748 1864 mature

327 1896 361 1945 3
401 1884 879 1967 subveniretur,
923 1904 1058 1949 non
1100 1906 1293 1968 posse
1342 1884 1487 1949 sisti
1531 1884 1776 1969 fugam.
1863 1882 2007 1949 Iam
2053 1885 2332 1950 multum
2379 1887 2519 1951 viae
2563 1908 2747 1971 prae-

400 1977 659 2058 ceperat
711 1994 825 2037 rex
888 1972 1214 2038 inminens
1274 1972 1667 2059 fugientium
1721 1972 1952 2056 tergis,
2015 1994 2164 2038 cum
2229 1996 2268 2038 a
2321 1973 2749 2041 Parmenione

397 2062 608 2127 tristis
655 2062 923 2127 nuntius
971 2061 1167 2127 venit.
1258 2060 1614 2127 Refrenare
1671 2082 1868 2145 equos
1925 2060 2115 2146 iussi,
2169 2061 2281 2145 qui
2327 2062 2750 2147 vehebantur,

399 2172 760 2238 agmenque
807 2149 1101 2215 constitit
1144 2150 1479 2216 frendente
1516 2147 1906 2233 Alexandro,
1951 2150 2132 2233 eripi'
2161 2150 2289 2214 sibi
2335 2151 2674 2215 victoriam
2713 2173 2748 2216 e

328 2252 365 2300 4
400 2239 701 2305 manibus
756 2242 823 2303 et
867 2237 1153 2303 Dareum
1207 2238 1460 2303 felicius
1518 2237 1744 2323 fugere
1800 2259 1994 2323 quam
2059 2259 2129 2301 se
2184 2238 2386 2323 sequi.
2473 2237 2748 2303 Interim

400 2329 481 2395 ad
509 2328 849 2394 Mazaeum
885 2325 1172 2409 superati
1209 2326 1380 2411 regis
1417 2326 1593 2392 fama
1629 2327 2030 2411 pervenerat.
2074 2324 2325 2411 Itaque,
2353 2348 2747 2412 quamquam

396 2415 673 2482 validior
721 2418 878 2498 erat,
921 2419 1141 2481 tamen
1188 2414 1454 2480 fortuna
1498 2415 1785 2498 partium
1829 2416 2095 2480 territus
2132 2415 2446 2504 perculsis
2493 2417 2745 2500 langui-

397 2506 540 2572 dius
589 2505 899 2568 instabat.
950 2502 1296 2568 Parmenio
1342 2503 1695 2588 ignorabat
1740 2503 2001 2588 quidem
2046 2525 2313 2569 causam
2352 2527 2469 2570 sua
2517 2508 2747 2590 sponte

397 2613 657 2680 pugnae
721 2592 1059 2678 remissae,
1134 2591 1244 2656 sed
1314 2592 1654 2658 occasione
1717 2591 2009 2657 vincendi
2075 2596 2334 2659 strenue
2400 2597 2500 2660 est
2571 2617 2748 2661 usus,

328 2693 362 2743 5
401 2681 748 2748 Thessalos
796 2681 1046 2765 equites
1096 2682 1179 2747 ad
1227 2703 1296 2747 se
1340 2680 1562 2747 vocari
1605 2680 1803 2746 iubet.
1869 2679 2147 2766 ‘Ecquid
2192 2681 2473 2766 videtis',
2517 2682 2748 2768 inquit,

400 2770 605 2856 ‘istos,
652 2770 763 2855 qui
807 2769 1110 2837 ferociter
1154 2769 1347 2836 modo
1394 2770 1761 2855 instabant,
1813 2770 2042 2855 pedem
2087 2772 2330 2838 referre
2376 2773 2592 2839 subito
2637 2794 2748 2858 pa-

473 3057 558 3108 31.
595 3053 901 3118 fodiebat
927 3049 1019 3104 fiir
1038 3051 1384 3120 perfodiebat
1411 3051 1517 3104 wie
2032 3050 2169 3106 ΚΜ».
2208 3051 2354 3108 XVI.

404 3128 452 3178 5.
484 3129 534 3176 4.
566 3127 633 3176 32
664 3140 717 3176 u.
748 3127 826 3190 δ.;
866 3139 927 3177 so
966 3122 1144 3176 sehon
1177 3121 1273 3176 bei
1308 3121 1517 3177 LiviuS.
1702 3145 1748 3194 1,
1817 3143 1973 3194 ante
2018 3144 2113 3194 εει
2161 3141 2436 3208 dictum,
2497 3139 2747 3197 diegelbe

404 3223 471 3234 -
520 3194 806 3275 adv-ena
849 3193 929 3247 5⁸¹³
970 3209 1075 3246 nur
1119 3208 1218 3246 zur
1261 3191 1519 3247 ventat·
1626 3208 2042 3278 Wortsteuung
2080 3214 2129 3264 7.
2166 3215 2216 3264 2.
2258 3215 2314 3276 13
2356 3208 2468 3264 cio.
2506 3211 2661 3267 Lael.
2694 3218 2746 3267 8.

405 3264 561 3334 kung
596 3264 985 3334 hmzugefsgt.
1699 3303 1750 3354 2.
1777 3298 1940 3352 sisti
1974 3298 2203 3368 fuqam
2230 3296 2334 3352 wie
2354 3297 2745 3354 Liv.30.12.1.

472 3376 573 3452 32..
614 3370 881 3440 iamque
919 3411 931 3422 ·
964 3411 978 3424 ·
1014 3369 1341 3452 erat;‚f³·³¹⁵
1376 3385 1519 3452 ΒΨ
1700 3393 1751 3442 3.
1801 3387 2184 3454 refrenare,
2225 3385 2615 3440 ‘anhalten’
2656 3386 2752 3442 fur

401 3458 469 3524 so·
508 3441 632 3496 Liv.
681 3446 764 3496 23.
811 3446 898 3496 40.
940 3445 1021 3495 11.
1070 3470 1138 3480 -—
1192 3457 1269 3493 m
1311 3445 1520 3509 terque
1629 3459 1896 3513 sustinere
1957 3463 2181 3526 ἥψω).
2250 3455 2347 3511 bei
2417 3456 2750 3514 Klaggikem

400 3527 506 3568 wie
545 3517 593 3566 3.
634 3517 690 3596 8.
727 3517 811 3567 16.
859 3541 927 3592 -·-
976 3511 1373 3594 abstalerat.
1448 3509 1521 3565 So
1629 3529 1809 3584 findet
1871 3526 1994 3582 „ich
2047 3527 2148 3581 dag
2199 3527 2367 3582 Worf,
2418 3525 2480 3582 in
2535 3529 2748 3586 diesem

401 3585 625 3663 auferre
673 3600 734 3638 111
776 3582 1059 3664 slqwhem
1098 3581 1271 3636 Smne
1309 3587 1394 3636 12·
1432 3587 1520 3665 29·
1632 3598 2016 3670 cigentlichen
2061 3597 2229 3652 sinae
2266 3598 2420 3654 wohl
2462 3597 2640 3656 nicht.
2678 3631 2749 3642 —

410 3655 534 3725 VSI·
601 3653 745 3708 *meh
807 3653 928 3710 LW·
993 3659 1043 3709 4·
1101 3658 1185 3736 ‚33-
1243 3658 1276 3708 8
1332 3653 1523 3721 Ραῖῡῦδ
1671 3672 1746 3726 ai
1788 3670 2234 3736 vehebantur,
2279 3669 2533 3724 namlich
2581 3673 2752 3741 equite,

403 3728 575 3783 lucem
620 3727 804 3794 aufert
848 3741 916 3778 ⁶oe
971 3725 1159 3780 ocum·
1217 3755 1283 3764 -·
1342 3725 1427 3778 αᾶ
1462 3766 1475 3779 ·
1507 3765 1519 3778 ·
1630 3687 1684 3796 g.
1733 3742 1771 3795 i.
1819 3740 1912 3794 die
1957 3739 2216 3796 Reiterei.
2270 3771 2338 3781 —
2395 3758 2751 3813 aymeraqae

403 3803 745 3866 coeunte&
793 3795 958 3850 Sim*
1011 3795 1199 3849 indem
1247 3796 1393 3850 ²110¹²
1441 3794 1522 3849 ⁸50
1631 3812 2056 3876 constitit;
2121 3812 2266 3865 auch
2332 3811 2432 3866 das
2478 3812 2750 3868 Fussvolk

405 3868 583 3924 selbst
620 3866 741 3922 sich
765 3867 934 3922 unter
960 3865 1229 3922 einander
1255 3884 1379 3921 nur
1411 3882 1522 3920 von
1629 3881 1856 3938 mwhte
1879 3881 2034 3939 Hau,
2056 3911 2124 3923 -.
2153 3883 2334 3954 eripi
2359 3899 2387 3938 ρ
2411 3885 2749 3951 manibus,

404 3940 527 3996 Zeit
570 3957 638 3994 zu
676 3936 799 3992 Zeit
842 3938 989 3992 nach
1035 3938 1160 3992 dem
1200 3937 1324 3992 Ton
1370 3935 1523 3990 einer
1705 3972 1772 4008 m
1807 3953 1916 4008 wie
1953 3960 2003 4010 3,
2044 3959 2094 4010 5,
2133 3958 2218 4008 10,
2283 3954 2421 4009 πῶς
2455 3953 2615 4010 Alex,
2661 3953 2754 4009 fm-

406 4010 729 4066 bekannten
740 4007 975 4064 Stimme
988 4008 1121 4064 oder
1132 4007 1284 4063 eines
1298 4006 1548 4076 Signals·
1677 4026 1927 4081 armenio
1964 4023 2143 4092 sshat,
2183 4025 2368 4080 damn
2395 4025 2669 4096 schweigt
2690 4025 2749 4081 0,

406 4079 952 4136 zusammenfanden·
1631 4095 1824 4167 Vergl.
1863 4097 2008 4152 auch
2044 4097 2220 4151 anton
2255 4100 2286 4161 ς
2326 4101 2410 4150 16.

478 4193 564 4241 33.
654 4193 891 4243 tamen.
975 4171 1305 4239 Ubersetzez
1379 4183 1527 4238 doch
1705 4189 1760 4240 4.
1822 4185 2157 4253 partium,
2207 4179 2464 4238 ‘seifier
2508 4182 2750 4251 Partei',

404 4256 608 4311 herten
647 4259 730 4314 sie
757 4275 870 4314 von
899 4256 1009 4312 den
1035 4254 1284 4310 Feinden
1316 4251 1525 4324 wenig-
1635 4253 1744 4310 wie
1779 4256 1844 4310 in
1871 4260 2062 4322 partes
2098 4261 2148 4309 8.
2192 4259 2274 4308 13.
2305 4283 2373 4294 -
2410 4255 2752 4322 remissae,

408 4329 558 4381 stens
596 4331 701 4382 ete.
1636 4325 1743 4381 wie
1780 4326 2034 4380 remissae
2068 4325 2310 4380 habenae
2347 4325 2440 4380 bei
2477 4322 2588 4381 Cic.
