<?xml version="1.0" encoding="UTF-8"?>
<!DOCTYPE html PUBLIC "-//W3C//DTD XHTML 1.0 Transitional//EN"
    "http://www.w3.org/TR/xhtml1/DTD/xhtml1-transitional.dtd">
<html xmlns="http://www.w3.org/1999/xhtml" xml:lang="en" lang="en">
 <head>
  <title>
</title>
<meta http-equiv="Content-Type" content="text/html;charset=utf-8" />
  <meta name='ocr-system' content='tesseract 3.04.00' />
  <meta name='ocr-capabilities' content='ocr_page ocr_carea ocr_par ocr_line ocrx_word'/>
</head>
<body>
  <div class='ocr_page' id='page_1' title='image "./qcurtirufihisto00vogegoog_0143.png"; bbox 0 0 3069 4749; ppageno 0'>
   <div class='ocr_carea' id='block_1_1' title="bbox 870 188 2639 259">
    <p class='ocr_par' dir='ltr' id='par_1_1' title="bbox 870 188 2639 259">
     <span class='ocr_line' id='line_1_1' title="bbox 870 188 2639 259; baseline -0.001 -12"><span class='ocrx_word' id='word_1_1' title='bbox 870 194 1371 247; x_wconf 70' lang='lat' dir='ltr'>meror-unum</span> <span class='ocrx_word' id='word_1_2' title='bbox 1406 192 1831 245; x_wconf 74' lang='lat' dir='ltr'>ALEXANDRI</span> <span class='ocrx_word' id='word_1_3' title='bbox 1864 194 1959 259; x_wconf 77' lang='grc' dir='ltr'>Ν,</span> <span class='ocrx_word' id='word_1_4' title='bbox 1995 197 2046 247; x_wconf 81' lang='lat' dir='ltr'>e.</span> <span class='ocrx_word' id='word_1_5' title='bbox 2508 188 2639 256; x_wconf 82' lang='lat'>133</span> 
     </span>
    </p>
   </div>
   <div class='ocr_carea' id='block_1_2' title="bbox 183 351 2748 2659">
    <p class='ocr_par' dir='ltr' id='par_1_2' title="bbox 183 351 2748 2659">
     <span class='ocr_line' id='line_1_2' title="bbox 278 351 2748 441; baseline 0.001 -20"><span class='ocrx_word' id='word_1_6' title='bbox 278 356 483 421; x_wconf 86' lang='lat' dir='ltr'>batur</span> <span class='ocrx_word' id='word_1_7' title='bbox 527 355 698 441; x_wconf 92' lang='lat' dir='ltr'>ipse,</span> <span class='ocrx_word' id='word_1_8' title='bbox 753 354 1113 421; x_wconf 88' lang='lat' dir='ltr'>defunctus.</span> <span class='ocrx_word' id='word_1_9' title='bbox 1202 352 1356 439; x_wconf 85' lang='lat' dir='ltr'><strong>Sed,</strong></span> <span class='ocrx_word' id='word_1_10' title='bbox 1416 358 1492 419; x_wconf 89' lang='lat' dir='ltr'>ut</span> <span class='ocrx_word' id='word_1_11' title='bbox 1538 353 1785 439; x_wconf 83' lang='lat' dir='ltr'>opinor,</span> <span class='ocrx_word' id='word_1_12' title='bbox 1829 353 2210 419; x_wconf 79' lang='lat' dir='ltr'>inevitabile</span> <span class='ocrx_word' id='word_1_13' title='bbox 2255 355 2356 418; x_wconf 92' lang='lat' dir='ltr'>est</span> <span class='ocrx_word' id='word_1_14' title='bbox 2397 351 2634 419; x_wconf 77' lang='lat' dir='ltr'>fatum:</span> <span class='ocrx_word' id='word_1_15' title='bbox 2676 372 2748 425; x_wconf 79' lang='grc'>17</span> 
     </span>
     <span class='ocr_line' id='line_1_3' title="bbox 282 441 2636 529; baseline 0 -20"><span class='ocrx_word' id='word_1_16' title='bbox 282 444 524 529; x_wconf 88' lang='lat' dir='ltr'>quippe</span> <span class='ocrx_word' id='word_1_17' title='bbox 581 444 737 509; x_wconf 91' lang='lat' dir='ltr'>dum</span> <span class='ocrx_word' id='word_1_18' title='bbox 793 444 968 509; x_wconf 91' lang='lat' dir='ltr'>inter</span> <span class='ocrx_word' id='word_1_19' title='bbox 1020 444 1337 529; x_wconf 89' lang='lat' dir='ltr'>primores</span> <span class='ocrx_word' id='word_1_20' title='bbox 1392 442 1758 527; x_wconf 70' lang='lat' dir='ltr'><strong>promptius</strong></span> <span class='ocrx_word' id='word_1_21' title='bbox 1816 441 2107 525; x_wconf 89' lang='lat' dir='ltr'>dimicat,</span> <span class='ocrx_word' id='word_1_22' title='bbox 2165 442 2414 527; x_wconf 85' lang='lat' dir='ltr'>sagitta</span> <span class='ocrx_word' id='word_1_23' title='bbox 2467 442 2636 509; x_wconf 89' lang='lat' dir='ltr'>ictus</span> 
     </span>
     <span class='ocr_line' id='line_1_4' title="bbox 282 530 2636 619; baseline -0 -21"><span class='ocrx_word' id='word_1_24' title='bbox 282 536 411 617; x_wconf 91' lang='lat' dir='ltr'>est,</span> <span class='ocrx_word' id='word_1_25' title='bbox 470 554 668 619; x_wconf 90' lang='lat' dir='ltr'>quam</span> <span class='ocrx_word' id='word_1_26' title='bbox 712 554 830 616; x_wconf 93' lang='lat' dir='ltr'>per</span> <span class='ocrx_word' id='word_1_27' title='bbox 871 533 1141 598; x_wconf 89' lang='lat' dir='ltr'>loricam</span> <span class='ocrx_word' id='word_1_28' title='bbox 1188 532 1513 619; x_wconf 87' lang='lat' dir='ltr'>adactam,</span> <span class='ocrx_word' id='word_1_29' title='bbox 1571 535 1852 597; x_wconf 87' lang='lat' dir='ltr'>stantem</span> <span class='ocrx_word' id='word_1_30' title='bbox 1905 531 1974 596; x_wconf 90' lang='lat' dir='ltr'>in</span> <span class='ocrx_word' id='word_1_31' title='bbox 2033 532 2304 596; x_wconf 88' lang='lat' dir='ltr'>humero</span> <span class='ocrx_word' id='word_1_32' title='bbox 2349 530 2636 598; x_wconf 90' lang='lat' dir='ltr'>medicus</span> 
     </span>
     <span class='ocr_line' id='line_1_5' title="bbox 285 620 2744 706; baseline 0.001 -19"><span class='ocrx_word' id='word_1_33' title='bbox 285 622 423 687; x_wconf 90' lang='lat' dir='ltr'>eius</span> <span class='ocrx_word' id='word_1_34' title='bbox 470 622 809 706; x_wconf 79' lang='lat' dir='ltr'>Philippus</span> <span class='ocrx_word' id='word_1_35' title='bbox 858 622 1092 687; x_wconf 86' lang='lat' dir='ltr'>evellit.</span> <span class='ocrx_word' id='word_1_36' title='bbox 1151 620 1477 686; x_wconf 79' lang='lat' dir='ltr'><strong>Plurimus</strong></span> <span class='ocrx_word' id='word_1_37' title='bbox 1524 620 1754 686; x_wconf 90' lang='lat' dir='ltr'>deinde</span> <span class='ocrx_word' id='word_1_38' title='bbox 1801 620 2070 705; x_wconf 87' lang='lat' dir='ltr'>sanguis</span> <span class='ocrx_word' id='word_1_39' title='bbox 2115 641 2380 685; x_wconf 89' lang='lat' dir='ltr'>manare</span> <span class='ocrx_word' id='word_1_40' title='bbox 2427 620 2640 704; x_wconf 89' lang='lat' dir='ltr'>coepit</span> <span class='ocrx_word' id='word_1_41' title='bbox 2676 639 2744 691; x_wconf 86' lang='lat'>18</span> 
     </span>
     <span class='ocr_line' id='line_1_6' title="bbox 286 708 2640 796; baseline -0 -21"><span class='ocrx_word' id='word_1_42' title='bbox 286 711 591 776; x_wconf 88' lang='lat' dir='ltr'>omnibus</span> <span class='ocrx_word' id='word_1_43' title='bbox 628 711 896 795; x_wconf 89' lang='lat' dir='ltr'>territis,</span> <span class='ocrx_word' id='word_1_44' title='bbox 944 711 1096 795; x_wconf 91' lang='lat' dir='ltr'>quia</span> <span class='ocrx_word' id='word_1_45' title='bbox 1132 732 1286 796; x_wconf 90' lang='lat' dir='ltr'>non,</span> <span class='ocrx_word' id='word_1_46' title='bbox 1334 733 1531 796; x_wconf 87' lang='lat' dir='ltr'>quam</span> <span class='ocrx_word' id='word_1_47' title='bbox 1571 711 1700 775; x_wconf 88' lang='lat' dir='ltr'>alte</span> <span class='ocrx_word' id='word_1_48' title='bbox 1735 712 2144 793; x_wconf 70' lang='lat' dir='ltr'><strong>penetrasset</strong></span> <span class='ocrx_word' id='word_1_49' title='bbox 2175 708 2400 792; x_wconf 90' lang='lat' dir='ltr'>telum,</span> <span class='ocrx_word' id='word_1_50' title='bbox 2437 708 2640 774; x_wconf 88' lang='lat' dir='ltr'>lorica</span> 
     </span>
     <span class='ocr_line' id='line_1_7' title="bbox 286 796 2640 901; baseline -0.002 -36"><span class='ocrx_word' id='word_1_51' title='bbox 286 800 591 901; x_wconf 75' lang='lat' dir='ltr'>obstante</span> <span class='ocrx_word' id='word_1_52' title='bbox 628 803 1087 883; x_wconf 73' lang='lat' dir='ltr'>cognoverant.</span> <span class='ocrx_word' id='word_1_53' title='bbox 1159 797 1309 883; x_wconf 91' lang='lat' dir='ltr'>Ipse</span> <span class='ocrx_word' id='word_1_54' title='bbox 1344 820 1429 864; x_wconf 89' lang='lat' dir='ltr'>ne</span> <span class='ocrx_word' id='word_1_55' title='bbox 1446 798 1605 901; x_wconf 38' lang='lat' dir='ltr'>’oris-</span> <span class='ocrx_word' id='word_1_56' title='bbox 1636 798 1897 901; x_wconf 65' lang='lat' dir='ltr'>quidem</span> <span class='ocrx_word' id='word_1_57' title='bbox 1934 796 2154 900; x_wconf 78' lang='lat' dir='ltr'>colore</span> <span class='ocrx_word' id='word_1_58' title='bbox 2187 801 2444 899; x_wconf 77' lang='lat' dir='ltr'>mutato</span> <span class='ocrx_word' id='word_1_59' title='bbox 2487 819 2640 900; x_wconf 75' lang='lat' dir='ltr'>sup·</span> 
     </span>
     <span class='ocr_line' id='line_1_8' title="bbox 284 885 2744 1059; baseline -0 -18"><span class='ocrx_word' id='word_1_60' title='bbox 284 892 1017 1042; x_wconf 52' lang='lat' dir='ltr'>Effissiffissssmvssi</span> <span class='ocrx_word' id='word_1_61' title='bbox 1051 885 2638 1059; x_wconf 43' lang='lat'>2332?012522322322312..¹33⁰03130:3332</span> <span class='ocrx_word' id='word_1_62' title='bbox 2676 906 2744 956; x_wconf 81' lang='lat'>¹⁹</span> 
     </span>
     <span class='ocr_line' id='line_1_9' title="bbox 284 1064 2640 1151; baseline -0.001 -21"><span class='ocrx_word' id='word_1_63' title='bbox 284 1066 485 1149; x_wconf 86' lang='lat' dir='ltr'>paulo</span> <span class='ocrx_word' id='word_1_64' title='bbox 530 1069 681 1129; x_wconf 89' lang='lat' dir='ltr'>ante</span> <span class='ocrx_word' id='word_1_65' title='bbox 739 1066 1003 1151; x_wconf 88' lang='lat' dir='ltr'>sanguis</span> <span class='ocrx_word' id='word_1_66' title='bbox 1058 1064 1524 1131; x_wconf 79' lang='lat' dir='ltr'>medicamento</span> <span class='ocrx_word' id='word_1_67' title='bbox 1540 1116 1559 1148; x_wconf 91' lang='lat'>,</span> <span class='ocrx_word' id='word_1_68' title='bbox 1614 1086 1743 1149; x_wconf 90' lang='lat' dir='ltr'>quo</span> <span class='ocrx_word' id='word_1_69' title='bbox 1799 1067 2093 1129; x_wconf 85' lang='lat' dir='ltr'>retentus</span> <span class='ocrx_word' id='word_1_70' title='bbox 2147 1067 2314 1149; x_wconf 91' lang='lat' dir='ltr'>erat,</span> <span class='ocrx_word' id='word_1_71' title='bbox 2374 1085 2640 1129; x_wconf 89' lang='lat' dir='ltr'>manare</span> 
     </span>
     <span class='ocr_line' id='line_1_10' title="bbox 285 1152 2638 1239; baseline 0 -21"><span class='ocrx_word' id='word_1_72' title='bbox 285 1153 535 1239; x_wconf 87' lang='lat' dir='ltr'>largius</span> <span class='ocrx_word' id='word_1_73' title='bbox 599 1154 843 1239; x_wconf 89' lang='lat' dir='ltr'>coepit,</span> <span class='ocrx_word' id='word_1_74' title='bbox 906 1158 973 1219; x_wconf 90' lang='lat' dir='ltr'>et</span> <span class='ocrx_word' id='word_1_75' title='bbox 1036 1154 1300 1239; x_wconf 81' lang='lat' dir='ltr'>vulnus,</span> <span class='ocrx_word' id='word_1_76' title='bbox 1364 1154 1537 1238; x_wconf 89' lang='lat' dir='ltr'>quod</span> <span class='ocrx_word' id='word_1_77' title='bbox 1590 1157 1818 1237; x_wconf 86' lang='lat' dir='ltr'>tepens</span> <span class='ocrx_word' id='word_1_78' title='bbox 1883 1152 2094 1219; x_wconf 88' lang='lat' dir='ltr'>adhuc</span> <span class='ocrx_word' id='word_1_79' title='bbox 2156 1152 2446 1218; x_wconf 91' lang='lat' dir='ltr'>dolorem</span> <span class='ocrx_word' id='word_1_80' title='bbox 2505 1174 2638 1218; x_wconf 90' lang='lat' dir='ltr'>non</span> 
     </span>
     <span class='ocr_line' id='line_1_11' title="bbox 286 1241 2747 1329; baseline 0.002 -22"><span class='ocrx_word' id='word_1_81' title='bbox 286 1245 601 1325; x_wconf 85' lang='lat' dir='ltr'>moverat,</span> <span class='ocrx_word' id='word_1_82' title='bbox 644 1241 927 1327; x_wconf 88' lang='lat' dir='ltr'>frigente</span> <span class='ocrx_word' id='word_1_83' title='bbox 974 1244 1289 1329; x_wconf 84' lang='lat' dir='ltr'>sanguine</span> <span class='ocrx_word' id='word_1_84' title='bbox 1334 1243 1666 1307; x_wconf 90' lang='lat' dir='ltr'>intumuit.</span> <span class='ocrx_word' id='word_1_85' title='bbox 1756 1241 1992 1327; x_wconf 86' lang='lat' dir='ltr'>Linqui</span> <span class='ocrx_word' id='word_1_86' title='bbox 2037 1241 2265 1306; x_wconf 88' lang='lat' dir='ltr'>deinde</span> <span class='ocrx_word' id='word_1_87' title='bbox 2311 1242 2528 1307; x_wconf 87' lang='lat' dir='ltr'>animo</span> <span class='ocrx_word' id='word_1_88' title='bbox 2575 1244 2642 1307; x_wconf 91' lang='lat' dir='ltr'>et</span> <span class='ocrx_word' id='word_1_89' title='bbox 2677 1262 2747 1312; x_wconf 80' lang='lat'>20</span> 
     </span>
     <span class='ocr_line' id='line_1_12' title="bbox 287 1329 2639 1417; baseline -0 -21"><span class='ocrx_word' id='word_1_90' title='bbox 287 1330 589 1396; x_wconf 84' lang='lat' dir='ltr'>submitti</span> <span class='ocrx_word' id='word_1_91' title='bbox 643 1351 815 1415; x_wconf 91' lang='lat' dir='ltr'>genu</span> <span class='ocrx_word' id='word_1_92' title='bbox 870 1332 1112 1417; x_wconf 86' lang='lat' dir='ltr'>coepit:</span> <span class='ocrx_word' id='word_1_93' title='bbox 1174 1353 1364 1417; x_wconf 89' lang='lat' dir='ltr'>quem</span> <span class='ocrx_word' id='word_1_94' title='bbox 1418 1329 1702 1415; x_wconf 85' lang='lat' dir='ltr'>proximi</span> <span class='ocrx_word' id='word_1_95' title='bbox 1755 1336 2096 1414; x_wconf 90' lang='lat' dir='ltr'>exceptum</span> <span class='ocrx_word' id='word_1_96' title='bbox 2149 1330 2220 1395; x_wconf 93' lang='lat' dir='ltr'>in</span> <span class='ocrx_word' id='word_1_97' title='bbox 2274 1334 2492 1395; x_wconf 87' lang='lat' dir='ltr'>castra</span> <span class='ocrx_word' id='word_1_98' title='bbox 2542 1352 2639 1395; x_wconf 89' lang='lat' dir='ltr'>re-</span> 
     </span>
     <span class='ocr_line' id='line_1_13' title="bbox 288 1416 2642 1503; baseline -0.001 -18"><span class='ocrx_word' id='word_1_99' title='bbox 288 1416 617 1503; x_wconf 80' lang='lat' dir='ltr'>ceperunt.</span> <span class='ocrx_word' id='word_1_100' title='bbox 712 1419 797 1485; x_wconf 82' lang='lat' dir='ltr'>Et</span> <span class='ocrx_word' id='word_1_101' title='bbox 856 1419 1037 1486; x_wconf 90' lang='lat' dir='ltr'>Betis</span> <span class='ocrx_word' id='word_1_102' title='bbox 1093 1420 1508 1485; x_wconf 88' lang='lat' dir='ltr'>interfectum</span> <span class='ocrx_word' id='word_1_103' title='bbox 1567 1424 1752 1485; x_wconf 88' lang='lat' dir='ltr'>ratus</span> <span class='ocrx_word' id='word_1_104' title='bbox 1806 1420 2034 1484; x_wconf 89' lang='lat' dir='ltr'>urbem</span> <span class='ocrx_word' id='word_1_105' title='bbox 2100 1440 2300 1484; x_wconf 80' lang='lat' dir='ltr'>ovans</span> <span class='ocrx_word' id='word_1_106' title='bbox 2366 1419 2642 1484; x_wconf 83' lang='lat' dir='ltr'>victoria</span> 
     </span>
     <span class='ocr_line' id='line_1_14' title="bbox 183 1504 2745 1593; baseline 0.001 -23"><span class='ocrx_word' id='word_1_107' title='bbox 183 1504 269 1570; x_wconf 82' lang='lat'>28</span> <span class='ocrx_word' id='word_1_108' title='bbox 288 1510 545 1592; x_wconf 88' lang='lat' dir='ltr'>repetit.</span> <span class='ocrx_word' id='word_1_109' title='bbox 635 1507 728 1572; x_wconf 90' lang='lat' dir='ltr'>At</span> <span class='ocrx_word' id='word_1_110' title='bbox 789 1506 1157 1575; x_wconf 79' lang='lat' dir='ltr'>Alexander</span> <span class='ocrx_word' id='word_1_111' title='bbox 1218 1509 1505 1574; x_wconf 91' lang='lat' dir='ltr'>nondum</span> <span class='ocrx_word' id='word_1_112' title='bbox 1569 1511 1916 1593; x_wconf 73' lang='lat' dir='ltr'>percurato</span> <span class='ocrx_word' id='word_1_113' title='bbox 1987 1508 2252 1574; x_wconf 80' lang='lat' dir='ltr'>vulnere</span> <span class='ocrx_word' id='word_1_114' title='bbox 2317 1528 2639 1593; x_wconf 81' lang='lat' dir='ltr'>aggerem,</span> <span class='ocrx_word' id='word_1_115' title='bbox 2677 1530 2745 1580; x_wconf 83' lang='lat'>21</span> 
     </span>
     <span class='ocr_line' id='line_1_15' title="bbox 289 1596 2641 1683; baseline 0 -22"><span class='ocrx_word' id='word_1_116' title='bbox 289 1618 416 1682; x_wconf 88' lang='lat' dir='ltr'>quo</span> <span class='ocrx_word' id='word_1_117' title='bbox 454 1597 785 1663; x_wconf 91' lang='lat' dir='ltr'>moenium</span> <span class='ocrx_word' id='word_1_118' title='bbox 824 1597 1232 1663; x_wconf 85' lang='lat' dir='ltr'>altitudinem</span> <span class='ocrx_word' id='word_1_119' title='bbox 1272 1601 1597 1683; x_wconf 86' lang='lat' dir='ltr'>aequaret,</span> <span class='ocrx_word' id='word_1_120' title='bbox 1645 1597 1963 1662; x_wconf 80' lang='lat' dir='ltr'>exstruxit</span> <span class='ocrx_word' id='word_1_121' title='bbox 1997 1596 2422 1682; x_wconf 83' lang='lat' dir='ltr'>pluribusque</span> <span class='ocrx_word' id='word_1_122' title='bbox 2459 1596 2641 1661; x_wconf 91' lang='lat' dir='ltr'>cuni-</span> 
     </span>
     <span class='ocr_line' id='line_1_16' title="bbox 290 1684 2746 1771; baseline 0 -22"><span class='ocrx_word' id='word_1_123' title='bbox 290 1686 455 1750; x_wconf 89' lang='lat' dir='ltr'>culis</span> <span class='ocrx_word' id='word_1_124' title='bbox 507 1708 732 1751; x_wconf 90' lang='lat' dir='ltr'>muros</span> <span class='ocrx_word' id='word_1_125' title='bbox 790 1687 1016 1752; x_wconf 91' lang='lat' dir='ltr'>subrui</span> <span class='ocrx_word' id='word_1_126' title='bbox 1066 1686 1277 1753; x_wconf 88' lang='lat' dir='ltr'>iussit.</span> <span class='ocrx_word' id='word_1_127' title='bbox 1368 1685 1692 1771; x_wconf 75' lang='lat' dir='ltr'>Oppidani</span> <span class='ocrx_word' id='word_1_128' title='bbox 1751 1686 1834 1750; x_wconf 87' lang='lat' dir='ltr'>ad</span> <span class='ocrx_word' id='word_1_129' title='bbox 1893 1686 2244 1771; x_wconf 90' lang='lat' dir='ltr'>pristinum</span> <span class='ocrx_word' id='word_1_130' title='bbox 2303 1684 2640 1771; x_wconf 85' lang='lat' dir='ltr'>fastigium</span> <span class='ocrx_word' id='word_1_131' title='bbox 2677 1708 2746 1757; x_wconf 88' lang='grc'><strong>22</strong></span> 
     </span>
     <span class='ocr_line' id='line_1_17' title="bbox 288 1774 2640 1859; baseline 0 -21"><span class='ocrx_word' id='word_1_132' title='bbox 288 1774 616 1838; x_wconf 92' lang='lat' dir='ltr'>moenium</span> <span class='ocrx_word' id='word_1_133' title='bbox 661 1796 903 1840; x_wconf 77' lang='lat' dir='ltr'>novum</span> <span class='ocrx_word' id='word_1_134' title='bbox 958 1779 1330 1841; x_wconf 89' lang='lat' dir='ltr'>exstruxere</span> <span class='ocrx_word' id='word_1_135' title='bbox 1383 1775 1891 1858; x_wconf 88' lang='lat' dir='ltr'>munimentum,</span> <span class='ocrx_word' id='word_1_136' title='bbox 1955 1774 2070 1839; x_wconf 91' lang='lat' dir='ltr'>sed</span> <span class='ocrx_word' id='word_1_137' title='bbox 2122 1796 2204 1839; x_wconf 91' lang='lat' dir='ltr'>ne</span> <span class='ocrx_word' id='word_1_138' title='bbox 2257 1774 2324 1838; x_wconf 90' lang='lat' dir='ltr'>id</span> <span class='ocrx_word' id='word_1_139' title='bbox 2381 1774 2640 1859; x_wconf 89' lang='lat' dir='ltr'>quidem</span> 
     </span>
     <span class='ocr_line' id='line_1_18' title="bbox 288 1862 2639 1949; baseline 0 -23"><span class='ocrx_word' id='word_1_140' title='bbox 288 1866 502 1927; x_wconf 88' lang='lat' dir='ltr'>turres</span> <span class='ocrx_word' id='word_1_141' title='bbox 551 1864 777 1948; x_wconf 87' lang='lat' dir='ltr'>aggeri</span> <span class='ocrx_word' id='word_1_142' title='bbox 823 1864 1150 1949; x_wconf 84' lang='lat' dir='ltr'>inpositas</span> <span class='ocrx_word' id='word_1_143' title='bbox 1195 1867 1459 1948; x_wconf 88' lang='lat' dir='ltr'>poterat</span> <span class='ocrx_word' id='word_1_144' title='bbox 1505 1884 1802 1947; x_wconf 88' lang='lat' dir='ltr'>aequare.</span> <span class='ocrx_word' id='word_1_145' title='bbox 1863 1862 2096 1947; x_wconf 90' lang='lat' dir='ltr'>Itaque</span> <span class='ocrx_word' id='word_1_146' title='bbox 2132 1863 2448 1928; x_wconf 89' lang='lat' dir='ltr'>interiora</span> <span class='ocrx_word' id='word_1_147' title='bbox 2485 1884 2639 1947; x_wconf 91' lang='lat' dir='ltr'>quo-</span> 
     </span>
     <span class='ocr_line' id='line_1_19' title="bbox 288 1950 2747 2037; baseline 0 -22"><span class='ocrx_word' id='word_1_148' title='bbox 288 1972 411 2036; x_wconf 89' lang='lat' dir='ltr'>que</span> <span class='ocrx_word' id='word_1_149' title='bbox 458 1952 641 2017; x_wconf 90' lang='lat' dir='ltr'>urbis</span> <span class='ocrx_word' id='word_1_150' title='bbox 686 1953 929 2019; x_wconf 86' lang='lat' dir='ltr'>infesta</span> <span class='ocrx_word' id='word_1_151' title='bbox 972 1954 1121 2018; x_wconf 88' lang='lat' dir='ltr'>telis</span> <span class='ocrx_word' id='word_1_152' title='bbox 1170 1957 1374 2019; x_wconf 89' lang='lat' dir='ltr'>erant.</span> <span class='ocrx_word' id='word_1_153' title='bbox 1432 1951 1688 2019; x_wconf 87' lang='lat' dir='ltr'>Ultima</span> <span class='ocrx_word' id='word_1_154' title='bbox 1722 1951 1926 2037; x_wconf 85' lang='lat' dir='ltr'>pestis</span> <span class='ocrx_word' id='word_1_155' title='bbox 1961 1951 2142 2017; x_wconf 90' lang='lat' dir='ltr'>urbis</span> <span class='ocrx_word' id='word_1_156' title='bbox 2178 1951 2305 2016; x_wconf 87' lang='lat' dir='ltr'>fuit</span> <span class='ocrx_word' id='word_1_157' title='bbox 2341 1950 2638 2016; x_wconf 90' lang='lat' dir='ltr'>cuniculo</span> <span class='ocrx_word' id='word_1_158' title='bbox 2677 1974 2747 2025; x_wconf 73' lang='lat'>28</span> 
     </span>
     <span class='ocr_line' id='line_1_20' title="bbox 290 2039 2640 2128; baseline 0 -24"><span class='ocrx_word' id='word_1_159' title='bbox 290 2041 602 2105; x_wconf 88' lang='lat' dir='ltr'>subrutus</span> <span class='ocrx_word' id='word_1_160' title='bbox 638 2064 879 2125; x_wconf 90' lang='lat' dir='ltr'>murus,</span> <span class='ocrx_word' id='word_1_161' title='bbox 925 2063 1045 2128; x_wconf 90' lang='lat' dir='ltr'>per</span> <span class='ocrx_word' id='word_1_162' title='bbox 1080 2042 1262 2108; x_wconf 86' lang='lat' dir='ltr'>cuius</span> <span class='ocrx_word' id='word_1_163' title='bbox 1299 2042 1525 2106; x_wconf 89' lang='lat' dir='ltr'>ruinas</span> <span class='ocrx_word' id='word_1_164' title='bbox 1570 2041 1781 2106; x_wconf 88' lang='lat' dir='ltr'>hostis</span> <span class='ocrx_word' id='word_1_165' title='bbox 1825 2041 2114 2105; x_wconf 82' lang='lat' dir='ltr'>intravit.</span> <span class='ocrx_word' id='word_1_166' title='bbox 2167 2039 2470 2105; x_wconf 89' lang='lat' dir='ltr'>Ducebat</span> <span class='ocrx_word' id='word_1_167' title='bbox 2502 2040 2640 2123; x_wconf 85' lang='lat' dir='ltr'>ipse</span> 
     </span>
     <span class='ocr_line' id='line_1_21' title="bbox 287 2128 2640 2215; baseline 0 -24"><span class='ocrx_word' id='word_1_168' title='bbox 287 2149 401 2192; x_wconf 86' lang='lat' dir='ltr'>rex</span> <span class='ocrx_word' id='word_1_169' title='bbox 446 2129 911 2213; x_wconf 87' lang='lat' dir='ltr'>antesignanos</span> <span class='ocrx_word' id='word_1_170' title='bbox 960 2134 1057 2215; x_wconf 89' lang='lat' dir='ltr'>et,</span> <span class='ocrx_word' id='word_1_171' title='bbox 1112 2130 1265 2195; x_wconf 89' lang='lat' dir='ltr'>dum</span> <span class='ocrx_word' id='word_1_172' title='bbox 1311 2131 1636 2195; x_wconf 82' lang='lat' dir='ltr'>incautius</span> <span class='ocrx_word' id='word_1_173' title='bbox 1685 2129 1890 2214; x_wconf 88' lang='lat' dir='ltr'>subit,</span> <span class='ocrx_word' id='word_1_174' title='bbox 1948 2150 2106 2195; x_wconf 70' lang='lat' dir='ltr'>naxo</span> <span class='ocrx_word' id='word_1_175' title='bbox 2153 2150 2300 2194; x_wconf 90' lang='lat' dir='ltr'>crus</span> <span class='ocrx_word' id='word_1_176' title='bbox 2348 2130 2486 2193; x_wconf 86' lang='lat' dir='ltr'>eius</span> <span class='ocrx_word' id='word_1_177' title='bbox 2533 2128 2640 2193; x_wconf 86' lang='lat' dir='ltr'>ad-</span> 
     </span>
     <span class='ocr_line' id='line_1_22' title="bbox 284 2215 2747 2302; baseline 0.001 -22"><span class='ocrx_word' id='word_1_178' title='bbox 284 2215 554 2301; x_wconf 80' lang='lat' dir='ltr'>fligitur.</span> <span class='ocrx_word' id='word_1_179' title='bbox 644 2218 913 2284; x_wconf 87' lang='lat' dir='ltr'>Innixus</span> <span class='ocrx_word' id='word_1_180' title='bbox 958 2223 1181 2285; x_wconf 87' lang='lat' dir='ltr'>tamen</span> <span class='ocrx_word' id='word_1_181' title='bbox 1225 2220 1359 2285; x_wconf 85' lang='lat' dir='ltr'>telo</span> <span class='ocrx_word' id='word_1_182' title='bbox 1404 2218 1692 2285; x_wconf 89' lang='lat' dir='ltr'>nondum</span> <span class='ocrx_word' id='word_1_183' title='bbox 1738 2218 1978 2302; x_wconf 89' lang='lat' dir='ltr'>prioris</span> <span class='ocrx_word' id='word_1_184' title='bbox 2024 2218 2308 2284; x_wconf 87' lang='lat' dir='ltr'>vulneris</span> <span class='ocrx_word' id='word_1_185' title='bbox 2356 2218 2638 2283; x_wconf 91' lang='lat' dir='ltr'>obducta</span> <span class='ocrx_word' id='word_1_186' title='bbox 2676 2240 2747 2290; x_wconf 76' lang='lat'>24</span> 
     </span>
     <span class='ocr_line' id='line_1_23' title="bbox 288 2306 2639 2393; baseline 0 -23"><span class='ocrx_word' id='word_1_187' title='bbox 288 2306 586 2371; x_wconf 87' lang='lat' dir='ltr'>cicatrice</span> <span class='ocrx_word' id='word_1_188' title='bbox 624 2306 797 2371; x_wconf 90' lang='lat' dir='ltr'>inter</span> <span class='ocrx_word' id='word_1_189' title='bbox 831 2308 1150 2392; x_wconf 88' lang='lat' dir='ltr'>primores</span> <span class='ocrx_word' id='word_1_190' title='bbox 1187 2308 1471 2392; x_wconf 88' lang='lat' dir='ltr'>dimicat,</span> <span class='ocrx_word' id='word_1_191' title='bbox 1506 2308 1610 2371; x_wconf 91' lang='lat' dir='ltr'>ira</span> <span class='ocrx_word' id='word_1_192' title='bbox 1647 2329 1902 2393; x_wconf 88' lang='lat' dir='ltr'>quoque</span> <span class='ocrx_word' id='word_1_193' title='bbox 1940 2328 2268 2390; x_wconf 71' lang='lat' dir='ltr'>accensus,</span> <span class='ocrx_word' id='word_1_194' title='bbox 2305 2308 2476 2392; x_wconf 88' lang='lat' dir='ltr'>quod</span> <span class='ocrx_word' id='word_1_195' title='bbox 2511 2306 2639 2372; x_wconf 91' lang='lat' dir='ltr'>duo</span> 
     </span>
     <span class='ocr_line' id='line_1_24' title="bbox 286 2395 2746 2498; baseline 0.002 -40"><span class='ocrx_word' id='word_1_196' title='bbox 286 2395 355 2458; x_wconf 91' lang='lat' dir='ltr'>in</span> <span class='ocrx_word' id='word_1_197' title='bbox 400 2395 753 2498; x_wconf 70' lang='lat' dir='ltr'>obsidione⁸</span> <span class='ocrx_word' id='word_1_198' title='bbox 782 2398 961 2462; x_wconf 88' lang='lat' dir='ltr'>urbis</span> <span class='ocrx_word' id='word_1_199' title='bbox 1010 2396 1147 2462; x_wconf 91' lang='lat' dir='ltr'>eius</span> <span class='ocrx_word' id='word_1_200' title='bbox 1185 2398 1453 2462; x_wconf 82' lang='lat' dir='ltr'>vulnera</span> <span class='ocrx_word' id='word_1_201' title='bbox 1490 2400 1846 2482; x_wconf 87' lang='lat' dir='ltr'>acceperat.</span> <span class='ocrx_word' id='word_1_202' title='bbox 1906 2395 2126 2462; x_wconf 88' lang='lat' dir='ltr'>Betim</span> <span class='ocrx_word' id='word_1_203' title='bbox 2165 2398 2428 2498; x_wconf 79' lang='lat' dir='ltr'>egregia</span> <span class='ocrx_word' id='word_1_204' title='bbox 2466 2397 2640 2462; x_wconf 90' lang='lat' dir='ltr'>edita</span> <span class='ocrx_word' id='word_1_205' title='bbox 2677 2419 2746 2469; x_wconf 76' lang='lat'>25</span> 
     </span>
     <span class='ocr_line' id='line_1_25' title="bbox 284 2484 2642 2659; baseline 0.002 -24"><span class='ocrx_word' id='word_1_206' title='bbox 284 2503 511 2636; x_wconf 61' lang='lat'>{3333</span> <span class='ocrx_word' id='word_1_207' title='bbox 554 2484 2642 2659; x_wconf 50' lang='grc' dir='ltr'>εἳέὲῗέἓῗωζίἒῖῗῗἓὲζθείἓῖῗὲῗὶῗήὲῗἔῖἑᾞὲηῗᾷηὲἓ</span> 
     </span>
    </p>
   </div>
   <div class='ocr_carea' id='block_1_3' title="bbox 282 2729 1412 4432">
    <p class='ocr_par' dir='ltr' id='par_1_3' title="bbox 286 2729 1412 3150">
     <span class='ocr_line' id='line_1_26' title="bbox 290 2729 1409 2801; baseline 0.004 -20"><span class='ocrx_word' id='word_1_208' title='bbox 290 2732 409 2784; x_wconf 84' lang='grc'><strong>160.</strong></span> <span class='ocrx_word' id='word_1_209' title='bbox 438 2759 512 2768; x_wconf 92' lang='grc'>-</span> <span class='ocrx_word' id='word_1_210' title='bbox 545 2729 719 2798; x_wconf 75' lang='lat' dir='ltr'>ipse,</span> <span class='ocrx_word' id='word_1_211' title='bbox 760 2729 863 2785; x_wconf 79' lang='lat' dir='ltr'>‘er</span> <span class='ocrx_word' id='word_1_212' title='bbox 898 2729 1122 2784; x_wconf 88' lang='lat' dir='ltr'>selbst</span> <span class='ocrx_word' id='word_1_213' title='bbox 1159 2730 1409 2801; x_wconf 82' lang='lat' dir='ltr'>wenig-</span> 
     </span>
     <span class='ocr_line' id='line_1_27' title="bbox 287 2798 1412 2869; baseline 0.004 -16"><span class='ocrx_word' id='word_1_214' title='bbox 287 2799 339 2853; x_wconf 84' lang='lat' dir='ltr'>st</span> <span class='ocrx_word' id='word_1_215' title='bbox 350 2816 382 2853; x_wconf 90' lang='lat' dir='ltr'>e</span> <span class='ocrx_word' id='word_1_216' title='bbox 393 2817 430 2852; x_wconf 90' lang='lat' dir='ltr'>n</span> <span class='ocrx_word' id='word_1_217' title='bbox 442 2817 469 2854; x_wconf 84' lang='lat' dir='ltr'>s</span> <span class='ocrx_word' id='word_1_218' title='bbox 483 2799 520 2852; x_wconf 89' lang='lat'>’.</span> <span class='ocrx_word' id='word_1_219' title='bbox 542 2798 851 2868; x_wconf 83' lang='lat' dir='ltr'>Logischer</span> <span class='ocrx_word' id='word_1_220' title='bbox 859 2805 1006 2854; x_wconf 69' lang='lat' dir='ltr'>ware</span> <span class='ocrx_word' id='word_1_221' title='bbox 1024 2817 1080 2856; x_wconf 80' lang='lat' dir='ltr'>se</span> <span class='ocrx_word' id='word_1_222' title='bbox 1094 2803 1412 2869; x_wconf 77' lang='lat' dir='ltr'>defunctum</span> 
     </span>
     <span class='ocr_line' id='line_1_28' title="bbox 288 2870 1410 2940; baseline 0.002 -16"><span class='ocrx_word' id='word_1_223' title='bbox 288 2870 612 2926; x_wconf 72' lang='lat' dir='ltr'>arbita-atus.</span> <span class='ocrx_word' id='word_1_224' title='bbox 686 2870 810 2925; x_wconf 88' lang='lat' dir='ltr'>Wir</span> <span class='ocrx_word' id='word_1_225' title='bbox 853 2871 1077 2940; x_wconf 82' lang='lat' dir='ltr'>pflegen</span> <span class='ocrx_word' id='word_1_226' title='bbox 1118 2891 1223 2928; x_wconf 85' lang='lat' dir='ltr'>uns</span> <span class='ocrx_word' id='word_1_227' title='bbox 1257 2873 1410 2928; x_wconf 83' lang='lat' dir='ltr'>wohl</span> 
     </span>
     <span class='ocr_line' id='line_1_29' title="bbox 288 2939 1408 3012; baseline 0.004 -17"><span class='ocrx_word' id='word_1_228' title='bbox 288 2939 435 2995; x_wconf 86' lang='lat' dir='ltr'>auch</span> <span class='ocrx_word' id='word_1_229' title='bbox 508 2939 741 2995; x_wconf 67' lang='lat' dir='ltr'>ahnlich</span> <span class='ocrx_word' id='word_1_230' title='bbox 817 2942 1143 3012; x_wconf 66' lang='lat' dir='ltr'>nachlassig</span> <span class='ocrx_word' id='word_1_231' title='bbox 1213 2959 1408 2999; x_wconf 66' lang='lat' dir='ltr'>austu-</span> 
     </span>
     <span class='ocr_line' id='line_1_30' title="bbox 288 3011 1410 3082; baseline 0.004 -18"><span class='ocrx_word' id='word_1_232' title='bbox 288 3011 553 3065; x_wconf 76' lang='lat' dir='ltr'>drficken.</span> <span class='ocrx_word' id='word_1_233' title='bbox 628 3012 756 3082; x_wconf 80' lang='lat' dir='ltr'>Vgl.</span> <span class='ocrx_word' id='word_1_234' title='bbox 801 3015 978 3067; x_wconf 87' lang='lat' dir='ltr'>unten</span> <span class='ocrx_word' id='word_1_235' title='bbox 1024 3019 1074 3070; x_wconf 88' lang='grc'><strong>9.</strong></span> <span class='ocrx_word' id='word_1_236' title='bbox 1112 3021 1148 3068; x_wconf 82' lang='lat'>4</span> <span class='ocrx_word' id='word_1_237' title='bbox 1191 3019 1256 3068; x_wconf 88' lang='lat' dir='ltr'>ut</span> <span class='ocrx_word' id='word_1_238' title='bbox 1298 3031 1410 3069; x_wconf 83' lang='lat' dir='ltr'>cre-</span> 
     </span>
     <span class='ocr_line' id='line_1_31' title="bbox 286 3082 1406 3150; baseline 0.004 -14"><span class='ocrx_word' id='word_1_239' title='bbox 286 3082 507 3136; x_wconf 77' lang='lat' dir='ltr'>diderat</span> <span class='ocrx_word' id='word_1_240' title='bbox 514 3104 536 3150; x_wconf 94' lang='lat'><em>;</em></span> <span class='ocrx_word' id='word_1_241' title='bbox 580 3087 630 3138; x_wconf 81' lang='lat'>5.</span> <span class='ocrx_word' id='word_1_242' title='bbox 670 3088 720 3137; x_wconf 97' lang='grc'>2.</span> <span class='ocrx_word' id='word_1_243' title='bbox 762 3089 827 3137; x_wconf 92' lang='grc'><strong>12</strong></span> <span class='ocrx_word' id='word_1_244' title='bbox 868 3089 933 3139; x_wconf 88' lang='lat' dir='ltr'>ut</span> <span class='ocrx_word' id='word_1_245' title='bbox 968 3085 1406 3140; x_wconf 67' lang='lat' dir='ltr'>arbitrabantur.</span> 
     </span>
    </p>

    <p class='ocr_par' dir='ltr' id='par_1_4' title="bbox 285 3146 1411 3366">
     <span class='ocr_line' id='line_1_32' title="bbox 362 3146 1411 3224; baseline 0.004 -17"><span class='ocrx_word' id='word_1_246' title='bbox 362 3157 446 3208; x_wconf 83' lang='grc'><strong>17.</strong></span> <span class='ocrx_word' id='word_1_247' title='bbox 520 3158 592 3207; x_wconf 86' lang='lat' dir='ltr'>ut</span> <span class='ocrx_word' id='word_1_248' title='bbox 636 3154 891 3224; x_wconf 78' lang='lat' dir='ltr'>opinor.</span> <span class='ocrx_word' id='word_1_249' title='bbox 965 3146 1117 3209; x_wconf 77' lang='lat' dir='ltr'>Uber</span> <span class='ocrx_word' id='word_1_250' title='bbox 1158 3156 1267 3211; x_wconf 88' lang='lat' dir='ltr'>den</span> <span class='ocrx_word' id='word_1_251' title='bbox 1302 3155 1411 3211; x_wconf 82' lang='lat' dir='ltr'>Fa-</span> 
     </span>
     <span class='ocr_line' id='line_1_33' title="bbox 285 3221 1408 3282; baseline 0.004 -4"><span class='ocrx_word' id='word_1_252' title='bbox 285 3221 547 3278; x_wconf 71' lang='lat' dir='ltr'>talismus</span> <span class='ocrx_word' id='word_1_253' title='bbox 577 3224 675 3279; x_wconf 87' lang='lat' dir='ltr'>des</span> <span class='ocrx_word' id='word_1_254' title='bbox 705 3223 763 3282; x_wconf 87' lang='lat' dir='ltr'>C.</span> <span class='ocrx_word' id='word_1_255' title='bbox 802 3243 845 3280; x_wconf 88' lang='lat' dir='ltr'>s.</span> <span class='ocrx_word' id='word_1_256' title='bbox 883 3226 1028 3281; x_wconf 87' lang='lat' dir='ltr'>auch</span> <span class='ocrx_word' id='word_1_257' title='bbox 1059 3231 1408 3282; x_wconf 81' lang='lat'>5.11.10.-</span> 
     </span>
     <span class='ocr_line' id='line_1_34' title="bbox 286 3295 1407 3366; baseline 0.004 -18"><span class='ocrx_word' id='word_1_258' title='bbox 286 3298 573 3349; x_wconf 77' lang='lat' dir='ltr'>8ta‘ntem</span> <span class='ocrx_word' id='word_1_259' title='bbox 600 3296 652 3350; x_wconf 92' lang='lat' dir='ltr'>d.</span> <span class='ocrx_word' id='word_1_260' title='bbox 682 3295 718 3350; x_wconf 92' lang='lat' dir='ltr'>i.</span> <span class='ocrx_word' id='word_1_261' title='bbox 756 3295 1069 3366; x_wconf 80' lang='grc' dir='ltr'><strong><em>πεπηγότα,</em></strong></span> <span class='ocrx_word' id='word_1_262' title='bbox 1105 3298 1407 3353; x_wconf 82' lang='lat' dir='ltr'>haftend.</span> 
     </span>
    </p>

    <p class='ocr_par' dir='ltr' id='par_1_5' title="bbox 286 3367 1408 3576">
     <span class='ocr_line' id='line_1_35' title="bbox 362 3367 1408 3436; baseline 0.006 -18"><span class='ocrx_word' id='word_1_263' title='bbox 362 3369 444 3421; x_wconf 85' lang='lat'>18.</span> <span class='ocrx_word' id='word_1_264' title='bbox 483 3381 562 3420; x_wconf 80' lang='lat' dir='ltr'>ue</span> <span class='ocrx_word' id='word_1_265' title='bbox 598 3367 738 3420; x_wconf 77' lang='lat' dir='ltr'>orie</span> <span class='ocrx_word' id='word_1_266' title='bbox 776 3368 1063 3436; x_wconf 75' lang='lat' dir='ltr'>quidem,</span> <span class='ocrx_word' id='word_1_267' title='bbox 1100 3386 1141 3422; x_wconf 87' lang='lat' dir='ltr'>s.</span> <span class='ocrx_word' id='word_1_268' title='bbox 1182 3367 1245 3424; x_wconf 82' lang='lat' dir='ltr'>E.</span> <span class='ocrx_word' id='word_1_269' title='bbox 1287 3373 1408 3424; x_wconf 88' lang='grc'><strong>162.</strong></span> 
     </span>
     <span class='ocr_line' id='line_1_36' title="bbox 286 3419 1408 3509; baseline 0.004 -19"><span class='ocrx_word' id='word_1_270' title='bbox 286 3419 438 3490; x_wconf 75' lang='lat' dir='ltr'>Uber</span> <span class='ocrx_word' id='word_1_271' title='bbox 482 3435 577 3490; x_wconf 72' lang='lat' dir='ltr'>die</span> <span class='ocrx_word' id='word_1_272' title='bbox 618 3436 1019 3509; x_wconf 78' lang='lat' dir='ltr'>Verwundung</span> <span class='ocrx_word' id='word_1_273' title='bbox 1066 3439 1408 3494; x_wconf 61' lang='lat' dir='ltr'>nemeen</span> 
     </span>
     <span class='ocr_line' id='line_1_37' title="bbox 286 3505 1107 3576; baseline 0.001 -15"><span class='ocrx_word' id='word_1_274' title='bbox 286 3521 387 3561; x_wconf 80' lang='lat' dir='ltr'>vor</span> <span class='ocrx_word' id='word_1_275' title='bbox 426 3505 580 3561; x_wconf 82' lang='lat' dir='ltr'>Gaza</span> <span class='ocrx_word' id='word_1_276' title='bbox 616 3508 731 3576; x_wconf 83' lang='lat' dir='ltr'>vgl.</span> <span class='ocrx_word' id='word_1_277' title='bbox 770 3508 893 3562; x_wconf 84' lang='lat' dir='ltr'>Arr.</span> <span class='ocrx_word' id='word_1_278' title='bbox 932 3515 981 3566; x_wconf 82' lang='lat'>2.</span> <span class='ocrx_word' id='word_1_279' title='bbox 1022 3515 1107 3564; x_wconf 85' lang='grc'><strong>27.</strong></span> 
     </span>
    </p>

    <p class='ocr_par' dir='ltr' id='par_1_6' title="bbox 282 3579 1411 4210">
     <span class='ocr_line' id='line_1_38' title="bbox 360 3579 1409 3649; baseline 0.004 -19"><span class='ocrx_word' id='word_1_280' title='bbox 360 3581 443 3632; x_wconf 88' lang='grc'><strong>19.</strong></span> <span class='ocrx_word' id='word_1_281' title='bbox 510 3593 919 3649; x_wconf 78' lang='lat' dir='ltr'>suppressus</span> <span class='ocrx_word' id='word_1_282' title='bbox 969 3599 1039 3634; x_wconf 81' lang='lat' dir='ltr'>zu</span> <span class='ocrx_word' id='word_1_283' title='bbox 1100 3579 1409 3635; x_wconf 84' lang='lat' dir='ltr'>verbinden</span> 
     </span>
     <span class='ocr_line' id='line_1_39' title="bbox 284 3647 1409 3706; baseline 0.004 -5"><span class='ocrx_word' id='word_1_284' title='bbox 284 3647 392 3702; x_wconf 88' lang='lat' dir='ltr'>mit</span> <span class='ocrx_word' id='word_1_285' title='bbox 444 3650 833 3705; x_wconf 79' lang='lat' dir='ltr'>medicamento</span> <span class='ocrx_word' id='word_1_286' title='bbox 877 3651 1024 3706; x_wconf 82' lang='lat' dir='ltr'>nach</span> <span class='ocrx_word' id='word_1_287' title='bbox 1075 3650 1139 3706; x_wconf 82' lang='lat' dir='ltr'>E.</span> <span class='ocrx_word' id='word_1_288' title='bbox 1182 3656 1409 3706; x_wconf 85' lang='grc'><strong>159.“-</strong></span> 
     </span>
     <span class='ocr_line' id='line_1_40' title="bbox 284 3720 1408 3791; baseline 0.004 -20"><span class='ocrx_word' id='word_1_289' title='bbox 284 3722 519 3788; x_wconf 70' lang='lat' dir='ltr'>tepens</span> <span class='ocrx_word' id='word_1_290' title='bbox 574 3720 805 3776; x_wconf 77' lang='lat' dir='ltr'>adhuc.</span> <span class='ocrx_word' id='word_1_291' title='bbox 897 3721 1031 3776; x_wconf 82' lang='lat' dir='ltr'>Man</span> <span class='ocrx_word' id='word_1_292' title='bbox 1086 3721 1408 3791; x_wconf 78' lang='lat' dir='ltr'>vergleiche</span> 
     </span>
     <span class='ocr_line' id='line_1_41' title="bbox 284 3787 1410 3861; baseline 0.006 -20"><span class='ocrx_word' id='word_1_293' title='bbox 284 3787 376 3842; x_wconf 89' lang='lat' dir='ltr'>die</span> <span class='ocrx_word' id='word_1_294' title='bbox 439 3788 502 3843; x_wconf 91' lang='lat' dir='ltr'>in</span> <span class='ocrx_word' id='word_1_295' title='bbox 557 3790 719 3858; x_wconf 85' lang='lat' dir='ltr'>jeder</span> <span class='ocrx_word' id='word_1_296' title='bbox 772 3791 1093 3861; x_wconf 81' lang='lat' dir='ltr'>Beziehung</span> <span class='ocrx_word' id='word_1_297' title='bbox 1145 3792 1410 3849; x_wconf 67' lang='lat' dir='ltr'>ahnliche</span> 
     </span>
     <span class='ocr_line' id='line_1_42' title="bbox 285 3857 1408 3919; baseline 0.006 -7"><span class='ocrx_word' id='word_1_298' title='bbox 285 3857 459 3915; x_wconf 80' lang='lat' dir='ltr'>Stelle</span> <span class='ocrx_word' id='word_1_299' title='bbox 509 3865 593 3915; x_wconf 81' lang='lat'>15.</span> <span class='ocrx_word' id='word_1_300' title='bbox 641 3866 706 3915; x_wconf 85' lang='grc'>17</span> <span class='ocrx_word' id='word_1_301' title='bbox 752 3863 954 3918; x_wconf 71' lang='lat' dir='ltr'>calidis</span> <span class='ocrx_word' id='word_1_302' title='bbox 999 3864 1179 3919; x_wconf 73' lang='lat' dir='ltr'>adhuc</span> <span class='ocrx_word' id='word_1_303' title='bbox 1222 3866 1408 3918; x_wconf 84' lang='lat' dir='ltr'>vulue-</span> 
     </span>
     <span class='ocr_line' id='line_1_43' title="bbox 282 3931 1411 4003; baseline 0.005 -19"><span class='ocrx_word' id='word_1_304' title='bbox 282 3931 438 3985; x_wconf 79' lang='lat' dir='ltr'>ribus</span> <span class='ocrx_word' id='word_1_305' title='bbox 458 3933 565 3986; x_wconf 86' lang='lat' dir='ltr'>etc.</span> <span class='ocrx_word' id='word_1_306' title='bbox 603 3931 918 3988; x_wconf 81' lang='lat' dir='ltr'>DieWorte</span> <span class='ocrx_word' id='word_1_307' title='bbox 946 3935 1091 4003; x_wconf 74' lang='lat' dir='ltr'>quod</span> <span class='ocrx_word' id='word_1_308' title='bbox 1111 3976 1149 3990; x_wconf 93' lang='lat'>..</span> <span class='ocrx_word' id='word_1_309' title='bbox 1172 3941 1411 3990; x_wconf 82' lang='lat' dir='ltr'>moverat</span> 
     </span>
     <span class='ocr_line' id='line_1_44' title="bbox 284 4000 1402 4072; baseline 0.009 -18"><span class='ocrx_word' id='word_1_310' title='bbox 284 4001 548 4056; x_wconf 86' lang='lat' dir='ltr'>stimmen</span> <span class='ocrx_word' id='word_1_311' title='bbox 589 4000 751 4057; x_wconf 87' lang='lat' dir='ltr'>nicht</span> <span class='ocrx_word' id='word_1_312' title='bbox 794 4005 957 4058; x_wconf 89' lang='lat' dir='ltr'>recht</span> <span class='ocrx_word' id='word_1_313' title='bbox 987 4021 1055 4059; x_wconf 83' lang='lat' dir='ltr'>zu</span> <span class='ocrx_word' id='word_1_314' title='bbox 1100 4005 1304 4072; x_wconf 65' lang='lat' dir='ltr'>diesim.</span> <span class='ocrx_word' id='word_1_315' title='bbox 1351 4023 1402 4064; x_wconf 84' lang='lat' dir='ltr'>v.</span> 
     </span>
     <span class='ocr_line' id='line_1_45' title="bbox 282 4071 1404 4147; baseline 0.006 -23"><span class='ocrx_word' id='word_1_316' title='bbox 282 4071 423 4126; x_wconf 82' lang='lat' dir='ltr'>victo</span> <span class='ocrx_word' id='word_1_317' title='bbox 460 4073 659 4128; x_wconf 83' lang='lat' dir='ltr'>dolore.</span> <span class='ocrx_word' id='word_1_318' title='bbox 700 4103 767 4114; x_wconf 89' lang='lat'>—</span> <span class='ocrx_word' id='word_1_319' title='bbox 815 4075 1109 4147; x_wconf 75' lang='lat' dir='ltr'>friqeute</span> <span class='ocrx_word' id='word_1_320' title='bbox 1146 4073 1252 4130; x_wconf 79' lang='lat' dir='ltr'>wie</span> <span class='ocrx_word' id='word_1_321' title='bbox 1298 4077 1404 4143; x_wconf 77' lang='lat' dir='ltr'>fri-</span> 
     </span>
     <span class='ocr_line' id='line_1_46' title="bbox 283 4141 1073 4210; baseline 0.005 -14"><span class='ocrx_word' id='word_1_322' title='bbox 283 4157 497 4210; x_wconf 76' lang='lat' dir='ltr'>9eseens</span> <span class='ocrx_word' id='word_1_323' title='bbox 532 4141 737 4200; x_wconf 51' lang='lat' dir='ltr'>vulrst</span> <span class='ocrx_word' id='word_1_324' title='bbox 773 4149 823 4200; x_wconf 89' lang='lat'>8.</span> <span class='ocrx_word' id='word_1_325' title='bbox 866 4151 946 4200; x_wconf 87' lang='lat'>10.</span> <span class='ocrx_word' id='word_1_326' title='bbox 986 4151 1073 4201; x_wconf 88' lang='grc'>29.</span> 
     </span>
    </p>

    <p class='ocr_par' dir='ltr' id='par_1_7' title="bbox 284 4215 1405 4432">
     <span class='ocr_line' id='line_1_47' title="bbox 355 4215 1405 4287; baseline 0.006 -20"><span class='ocrx_word' id='word_1_327' title='bbox 355 4217 441 4268; x_wconf 86' lang='grc'><strong>20.</strong></span> <span class='ocrx_word' id='word_1_328' title='bbox 500 4215 725 4285; x_wconf 77' lang='lat' dir='ltr'>linqui</span> <span class='ocrx_word' id='word_1_329' title='bbox 760 4215 948 4271; x_wconf 70' lang='lat' dir='ltr'>auimo</span> <span class='ocrx_word' id='word_1_330' title='bbox 984 4215 1156 4272; x_wconf 80' lang='lat' dir='ltr'>sowie</span> <span class='ocrx_word' id='word_1_331' title='bbox 1202 4218 1405 4287; x_wconf 67' lang='lat' dir='ltr'>linquit</span> 
     </span>
     <span class='ocr_line' id='line_1_48' title="bbox 284 4284 1402 4357; baseline 0.005 -20"><span class='ocrx_word' id='word_1_332' title='bbox 284 4284 412 4352; x_wconf 85' lang='lat' dir='ltr'>(me)</span> <span class='ocrx_word' id='word_1_333' title='bbox 446 4288 686 4353; x_wconf 74' lang='lat' dir='ltr'>animus,</span> <span class='ocrx_word' id='word_1_334' title='bbox 724 4304 766 4342; x_wconf 90' lang='lat' dir='ltr'>s.</span> <span class='ocrx_word' id='word_1_335' title='bbox 806 4294 855 4342; x_wconf 83' lang='lat'>6.</span> <span class='ocrx_word' id='word_1_336' title='bbox 892 4293 943 4343; x_wconf 88' lang='grc'><strong>9.</strong></span> <span class='ocrx_word' id='word_1_337' title='bbox 972 4291 1059 4356; x_wconf 82' lang='grc'>33,</span> <span class='ocrx_word' id='word_1_338' title='bbox 1098 4287 1226 4342; x_wconf 87' lang='lat' dir='ltr'>sind</span> <span class='ocrx_word' id='word_1_339' title='bbox 1254 4291 1402 4357; x_wconf 87' lang='lat' dir='ltr'>poet.</span> 
     </span>
     <span class='ocr_line' id='line_1_49' title="bbox 284 4355 1404 4432; baseline 0.007 -25"><span class='ocrx_word' id='word_1_340' title='bbox 284 4369 341 4408; x_wconf 87' lang='lat' dir='ltr'>u.</span> <span class='ocrx_word' id='word_1_341' title='bbox 378 4355 499 4432; x_wconf 68' lang='lat' dir='ltr'>nltl²</span> <span class='ocrx_word' id='word_1_342' title='bbox 543 4355 633 4411; x_wconf 71' lang='lat' dir='ltr'>fur</span> <span class='ocrx_word' id='word_1_343' title='bbox 679 4358 946 4428; x_wconf 72' lang='lat' dir='ltr'>relinqui,</span> <span class='ocrx_word' id='word_1_344' title='bbox 996 4359 1157 4427; x_wconf 71' lang='lat' dir='ltr'>defici</span> <span class='ocrx_word' id='word_1_345' title='bbox 1201 4360 1404 4428; x_wconf 63' lang='lat' dir='ltr'>amima,</span> 
     </span>
    </p>
   </div>
   <div class='ocr_carea' id='block_1_4' title="bbox 1509 2729 2640 4416">
    <p class='ocr_par' dir='ltr' id='par_1_8' title="bbox 1514 2729 2640 3366">
     <span class='ocr_line' id='line_1_50' title="bbox 1516 2729 2639 2800; baseline -0.002 -13"><span class='ocrx_word' id='word_1_346' title='bbox 1516 2731 1784 2800; x_wconf 75' lang='lat' dir='ltr'>relinquit</span> <span class='ocrx_word' id='word_1_347' title='bbox 1817 2747 1901 2784; x_wconf 86' lang='lat' dir='ltr'>me</span> <span class='ocrx_word' id='word_1_348' title='bbox 1935 2730 2172 2784; x_wconf 79' lang='lat' dir='ltr'>animus.</span> <span class='ocrx_word' id='word_1_349' title='bbox 2217 2729 2349 2800; x_wconf 84' lang='lat' dir='ltr'>Vgl.</span> <span class='ocrx_word' id='word_1_350' title='bbox 2389 2735 2439 2786; x_wconf 84' lang='lat'>9.</span> <span class='ocrx_word' id='word_1_351' title='bbox 2477 2735 2528 2784; x_wconf 79' lang='grc' dir='ltr'><strong>ὅ.</strong></span> <span class='ocrx_word' id='word_1_352' title='bbox 2569 2736 2639 2785; x_wconf 89' lang='grc'><strong>28</strong></span> 
     </span>
     <span class='ocr_line' id='line_1_51' title="bbox 1516 2801 2640 2872; baseline -0.002 -14"><span class='ocrx_word' id='word_1_353' title='bbox 1516 2801 1693 2870; x_wconf 77' lang='lat' dir='ltr'>coepit</span> <span class='ocrx_word' id='word_1_354' title='bbox 1738 2801 1919 2872; x_wconf 76' lang='lat' dir='ltr'>linqui</span> <span class='ocrx_word' id='word_1_355' title='bbox 1963 2802 2151 2854; x_wconf 74' lang='lat' dir='ltr'>auimo</span> <span class='ocrx_word' id='word_1_356' title='bbox 2195 2817 2309 2855; x_wconf 77' lang='lat' dir='ltr'>rex.</span> <span class='ocrx_word' id='word_1_357' title='bbox 2349 2831 2416 2840; x_wconf 92' lang='lat'>-</span> <span class='ocrx_word' id='word_1_358' title='bbox 2468 2817 2640 2870; x_wconf 72' lang='lat' dir='ltr'>yeuu</span> 
     </span>
     <span class='ocr_line' id='line_1_52' title="bbox 1517 2871 2636 2941; baseline 0 -15"><span class='ocrx_word' id='word_1_359' title='bbox 1517 2872 1624 2926; x_wconf 83' lang='lat' dir='ltr'>wie</span> <span class='ocrx_word' id='word_1_360' title='bbox 1678 2872 1908 2941; x_wconf 61' lang='lat' dir='ltr'>uersibus</span> <span class='ocrx_word' id='word_1_361' title='bbox 1960 2871 2232 2926; x_wconf 77' lang='lat' dir='ltr'>submissa</span> <span class='ocrx_word' id='word_1_362' title='bbox 2283 2874 2315 2936; x_wconf 88' lang='lat'><em>(</em></span> <span class='ocrx_word' id='word_1_363' title='bbox 2311 2871 2354 2924; x_wconf 93' lang='lat' dir='ltr'><em>I</em></span> <span class='ocrx_word' id='word_1_364' title='bbox 2342 2872 2636 2940; x_wconf 73' lang='lat' dir='ltr'>phiqenia)</span> 
     </span>
     <span class='ocr_line' id='line_1_53' title="bbox 1515 2940 2639 3012; baseline -0.001 -15"><span class='ocrx_word' id='word_1_365' title='bbox 1515 2944 1680 3012; x_wconf 83' lang='lat' dir='ltr'>Luer.</span> <span class='ocrx_word' id='word_1_366' title='bbox 1721 2948 1768 2996; x_wconf 91' lang='lat'>1.</span> <span class='ocrx_word' id='word_1_367' title='bbox 1807 2947 1892 2996; x_wconf 86' lang='grc'>92.</span> <span class='ocrx_word' id='word_1_368' title='bbox 1965 2941 2235 2996; x_wconf 88' lang='lat' dir='ltr'>Daneben</span> <span class='ocrx_word' id='word_1_369' title='bbox 2277 2942 2382 2995; x_wconf 88' lang='lat' dir='ltr'>hat</span> <span class='ocrx_word' id='word_1_370' title='bbox 2417 2940 2476 2996; x_wconf 86' lang='lat' dir='ltr'>C.</span> <span class='ocrx_word' id='word_1_371' title='bbox 2513 2943 2639 2996; x_wconf 78' lang='lat' dir='ltr'>sub-</span> 
     </span>
     <span class='ocr_line' id='line_1_54' title="bbox 1515 3012 2638 3083; baseline -0.002 -14"><span class='ocrx_word' id='word_1_372' title='bbox 1515 3015 1726 3069; x_wconf 81' lang='lat' dir='ltr'>mittere</span> <span class='ocrx_word' id='word_1_373' title='bbox 1760 3030 1942 3083; x_wconf 78' lang='lat' dir='ltr'>9enua</span> <span class='ocrx_word' id='word_1_374' title='bbox 1967 3020 2017 3068; x_wconf 83' lang='lat'>6.</span> <span class='ocrx_word' id='word_1_375' title='bbox 2042 3017 2090 3067; x_wconf 81' lang='lat'>5.</span> <span class='ocrx_word' id='word_1_376' title='bbox 2117 3019 2208 3080; x_wconf 79' lang='lat'>183</span> <span class='ocrx_word' id='word_1_377' title='bbox 2245 3028 2301 3067; x_wconf 80' lang='lat' dir='ltr'>se</span> <span class='ocrx_word' id='word_1_378' title='bbox 2326 3012 2638 3067; x_wconf 80' lang='lat' dir='ltr'>submittere</span> 
     </span>
     <span class='ocr_line' id='line_1_55' title="bbox 1517 3085 2635 3154; baseline 0.001 -16"><span class='ocrx_word' id='word_1_379' title='bbox 1517 3086 1722 3152; x_wconf 90' lang='lat' dir='ltr'>(neben</span> <span class='ocrx_word' id='word_1_380' title='bbox 1750 3085 2122 3154; x_wconf 72' lang='lat' dir='ltr'>procumbere)</span> <span class='ocrx_word' id='word_1_381' title='bbox 2150 3085 2215 3138; x_wconf 80' lang='lat' dir='ltr'>iu</span> <span class='ocrx_word' id='word_1_382' title='bbox 2241 3101 2424 3153; x_wconf 74' lang='lat' dir='ltr'>yeuua</span> <span class='ocrx_word' id='word_1_383' title='bbox 2459 3089 2510 3138; x_wconf 87' lang='lat'>8.</span> <span class='ocrx_word' id='word_1_384' title='bbox 2551 3089 2635 3139; x_wconf 80' lang='lat'>14.</span> 
     </span>
     <span class='ocr_line' id='line_1_56' title="bbox 1518 3153 2638 3226; baseline -0.001 -17"><span class='ocrx_word' id='word_1_385' title='bbox 1518 3160 2124 3226; x_wconf 76' lang='lat' dir='ltr'>39.—reeeperuut,</span> <span class='ocrx_word' id='word_1_386' title='bbox 2152 3153 2301 3210; x_wconf 85' lang='lat' dir='ltr'>hier:</span> <span class='ocrx_word' id='word_1_387' title='bbox 2329 3154 2638 3210; x_wconf 82' lang='lat' dir='ltr'>retteten</span> 
     </span>
     <span class='ocr_line' id='line_1_57' title="bbox 1515 3226 2636 3297; baseline 0.001 -17"><span class='ocrx_word' id='word_1_388' title='bbox 1515 3227 1624 3281; x_wconf 82' lang='lat' dir='ltr'>wie</span> <span class='ocrx_word' id='word_1_389' title='bbox 1662 3226 1830 3297; x_wconf 85' lang='lat' dir='ltr'>Verg.</span> <span class='ocrx_word' id='word_1_390' title='bbox 1865 3228 2000 3282; x_wconf 84' lang='lat' dir='ltr'>Aen.</span> <span class='ocrx_word' id='word_1_391' title='bbox 2033 3232 2082 3281; x_wconf 89' lang='grc'><strong>6.</strong></span> <span class='ocrx_word' id='word_1_392' title='bbox 2117 3232 2214 3281; x_wconf 90' lang='grc'>111</span> <span class='ocrx_word' id='word_1_393' title='bbox 2255 3227 2532 3297; x_wconf 70' lang='lat' dir='ltr'>medioque</span> <span class='ocrx_word' id='word_1_394' title='bbox 2567 3241 2636 3281; x_wconf 80' lang='lat' dir='ltr'>ex</span> 
     </span>
     <span class='ocr_line' id='line_1_58' title="bbox 1514 3299 1888 3366; baseline 0 -14"><span class='ocrx_word' id='word_1_395' title='bbox 1514 3299 1662 3352; x_wconf 77' lang='lat' dir='ltr'>hoste</span> <span class='ocrx_word' id='word_1_396' title='bbox 1695 3300 1888 3366; x_wconf 81' lang='lat' dir='ltr'>recepi.</span> 
     </span>
    </p>

    <p class='ocr_par' dir='ltr' id='par_1_9' title="bbox 1515 3368 2637 3794">
     <span class='ocr_line' id='line_1_59' title="bbox 1589 3368 2636 3438; baseline 0 -15"><span class='ocrx_word' id='word_1_397' title='bbox 1589 3373 1676 3423; x_wconf 87' lang='grc'>22.</span> <span class='ocrx_word' id='word_1_398' title='bbox 1715 3370 1800 3424; x_wconf 82' lang='lat' dir='ltr'>acl</span> <span class='ocrx_word' id='word_1_399' title='bbox 1825 3385 1928 3438; x_wconf 76' lang='lat' dir='ltr'>pr.</span> <span class='ocrx_word' id='word_1_400' title='bbox 1964 3368 2337 3438; x_wconf 74' lang='lat' dir='ltr'>faetiqium.</span> <span class='ocrx_word' id='word_1_401' title='bbox 2379 3368 2472 3424; x_wconf 84' lang='lat' dir='ltr'>Sie</span> <span class='ocrx_word' id='word_1_402' title='bbox 2497 3368 2636 3424; x_wconf 86' lang='lat' dir='ltr'>bau·</span> 
     </span>
     <span class='ocr_line' id='line_1_60' title="bbox 1515 3439 2637 3495; baseline 0 -1"><span class='ocrx_word' id='word_1_403' title='bbox 1515 3441 1617 3494; x_wconf 90' lang='lat' dir='ltr'>ten</span> <span class='ocrx_word' id='word_1_404' title='bbox 1670 3457 1737 3493; x_wconf 85' lang='lat' dir='ltr'>zu</span> <span class='ocrx_word' id='word_1_405' title='bbox 1791 3439 1919 3494; x_wconf 89' lang='lat' dir='ltr'>dem</span> <span class='ocrx_word' id='word_1_406' title='bbox 1966 3439 2381 3495; x_wconf 85' lang='lat' dir='ltr'>Vorhandenen</span> <span class='ocrx_word' id='word_1_407' title='bbox 2424 3441 2637 3494; x_wconf 83' lang='lat' dir='ltr'>hinzu</span> 
     </span>
     <span class='ocr_line' id='line_1_61' title="bbox 1517 3509 2637 3579; baseline 0.001 -15"><span class='ocrx_word' id='word_1_408' title='bbox 1517 3511 1571 3565; x_wconf 85' lang='lat' dir='ltr'>d.</span> <span class='ocrx_word' id='word_1_409' title='bbox 1617 3511 1673 3565; x_wconf 91' lang='lat' dir='ltr'>h.</span> <span class='ocrx_word' id='word_1_410' title='bbox 1731 3511 1853 3579; x_wconf 89' lang='lat' dir='ltr'>auf,</span> <span class='ocrx_word' id='word_1_411' title='bbox 1905 3509 2048 3565; x_wconf 72' lang='lat' dir='ltr'>iiber</span> <span class='ocrx_word' id='word_1_412' title='bbox 2109 3511 2450 3566; x_wconf 85' lang='lat' dir='ltr'>demselben.</span> <span class='ocrx_word' id='word_1_413' title='bbox 2522 3511 2637 3566; x_wconf 88' lang='lat' dir='ltr'>Der</span> 
     </span>
     <span class='ocr_line' id='line_1_62' title="bbox 1515 3580 2635 3650; baseline 0.002 -15"><span class='ocrx_word' id='word_1_414' title='bbox 1515 3581 1811 3635; x_wconf 84' lang='lat' dir='ltr'>Ausdruck</span> <span class='ocrx_word' id='word_1_415' title='bbox 1830 3582 1908 3635; x_wconf 87' lang='lat' dir='ltr'>ist</span> <span class='ocrx_word' id='word_1_416' title='bbox 1925 3580 2249 3637; x_wconf 84' lang='lat' dir='ltr'>auffallend.</span> <span class='ocrx_word' id='word_1_417' title='bbox 2260 3613 2328 3624; x_wconf 89' lang='lat'>—</span> <span class='ocrx_word' id='word_1_418' title='bbox 2347 3584 2372 3636; x_wconf 92' lang='lat' dir='ltr'>i</span> <span class='ocrx_word' id='word_1_419' title='bbox 2378 3600 2421 3637; x_wconf 76' lang='lat' dir='ltr'>u</span> <span class='ocrx_word' id='word_1_420' title='bbox 2429 3583 2465 3648; x_wconf 78' lang='lat' dir='ltr'><em>f</em></span> <span class='ocrx_word' id='word_1_421' title='bbox 2465 3587 2559 3637; x_wconf 75' lang='lat' dir='ltr'>est</span> <span class='ocrx_word' id='word_1_422' title='bbox 2570 3600 2607 3637; x_wconf 84' lang='lat' dir='ltr'>a</span> <span class='ocrx_word' id='word_1_423' title='bbox 2613 3621 2635 3650; x_wconf 90' lang='lat'>,</span> 
     </span>
     <span class='ocr_line' id='line_1_63' title="bbox 1520 3650 2632 3723; baseline 0.003 -18"><span class='ocrx_word' id='word_1_424' title='bbox 1520 3650 1821 3718; x_wconf 84' lang='lat' dir='ltr'>‘unsicher,</span> <span class='ocrx_word' id='word_1_425' title='bbox 1859 3651 2177 3721; x_wconf 71' lang='lat' dir='ltr'>gefahrdet’</span> <span class='ocrx_word' id='word_1_426' title='bbox 2211 3652 2319 3708; x_wconf 82' lang='lat' dir='ltr'>wie</span> <span class='ocrx_word' id='word_1_427' title='bbox 2357 3653 2489 3707; x_wconf 88' lang='lat' dir='ltr'>Sall.</span> <span class='ocrx_word' id='word_1_428' title='bbox 2513 3653 2632 3723; x_wconf 87' lang='lat' dir='ltr'>Iug.</span> 
     </span>
     <span class='ocr_line' id='line_1_64' title="bbox 1516 3723 2440 3794; baseline 0.002 -18"><span class='ocrx_word' id='word_1_429' title='bbox 1516 3727 1586 3777; x_wconf 88' lang='grc'>89</span> <span class='ocrx_word' id='word_1_430' title='bbox 1624 3723 1812 3776; x_wconf 79' lang='lat' dir='ltr'>omnia</span> <span class='ocrx_word' id='word_1_431' title='bbox 1846 3724 2054 3790; x_wconf 71' lang='lat' dir='ltr'>infesta</span> <span class='ocrx_word' id='word_1_432' title='bbox 2087 3726 2440 3794; x_wconf 76' lang='lat' dir='ltr'>serpentibus.</span> 
     </span>
    </p>

    <p class='ocr_par' dir='ltr' id='par_1_10' title="bbox 1510 3794 2635 4074">
     <span class='ocr_line' id='line_1_65' title="bbox 1589 3794 2635 3851; baseline 0.001 -4"><span class='ocrx_word' id='word_1_433' title='bbox 1589 3799 1676 3848; x_wconf 84' lang='grc'><strong>28.</strong></span> <span class='ocrx_word' id='word_1_434' title='bbox 1739 3795 2065 3849; x_wconf 71' lang='lat' dir='ltr'>subrutus</span> <span class='ocrx_word' id='word_1_435' title='bbox 2107 3812 2176 3851; x_wconf 81' lang='lat' dir='ltr'>m.</span> <span class='ocrx_word' id='word_1_436' title='bbox 2223 3795 2316 3849; x_wconf 78' lang='lat' dir='ltr'>ffir</span> <span class='ocrx_word' id='word_1_437' title='bbox 2361 3794 2453 3851; x_wconf 91' lang='lat' dir='ltr'>ein</span> <span class='ocrx_word' id='word_1_438' title='bbox 2497 3794 2635 3849; x_wconf 87' lang='lat' dir='ltr'>Ver-</span> 
     </span>
     <span class='ocr_line' id='line_1_66' title="bbox 1516 3863 2632 3934; baseline 0.003 -17"><span class='ocrx_word' id='word_1_439' title='bbox 1516 3863 1947 3934; x_wconf 84' lang='lat' dir='ltr'>balsubstantiv‚</span> <span class='ocrx_word' id='word_1_440' title='bbox 1986 3881 2028 3919; x_wconf 87' lang='lat' dir='ltr'>s.</span> <span class='ocrx_word' id='word_1_441' title='bbox 2059 3864 2122 3920; x_wconf 87' lang='grc' dir='ltr'><strong>Ε.</strong></span> <span class='ocrx_word' id='word_1_442' title='bbox 2156 3872 2275 3921; x_wconf 87' lang='grc'><strong>126.</strong></span> <span class='ocrx_word' id='word_1_443' title='bbox 2303 3897 2375 3907; x_wconf 91' lang='lat'>——</span> <span class='ocrx_word' id='word_1_444' title='bbox 2401 3866 2491 3933; x_wconf 86' lang='lat' dir='ltr'>et,</span> <span class='ocrx_word' id='word_1_445' title='bbox 2523 3865 2632 3920; x_wconf 84' lang='lat' dir='ltr'>wie</span> 
     </span>
     <span class='ocr_line' id='line_1_67' title="bbox 1515 3935 2630 3991; baseline 0.001 -3"><span class='ocrx_word' id='word_1_446' title='bbox 1515 3935 1648 3990; x_wconf 80' lang='lat' dir='ltr'>wir:</span> <span class='ocrx_word' id='word_1_447' title='bbox 1685 3951 1747 3990; x_wconf 86' lang='lat' dir='ltr'>er</span> <span class='ocrx_word' id='word_1_448' title='bbox 1782 3936 1972 3990; x_wconf 80' lang='lat' dir='ltr'>ffihrte</span> <span class='ocrx_word' id='word_1_449' title='bbox 2011 3935 2120 3991; x_wconf 87' lang='lat' dir='ltr'>den</span> <span class='ocrx_word' id='word_1_450' title='bbox 2147 3937 2394 3991; x_wconf 75' lang='lat' dir='ltr'>Vox-trab</span> <span class='ocrx_word' id='word_1_451' title='bbox 2429 3936 2543 3989; x_wconf 88' lang='lat' dir='ltr'>und</span> <span class='ocrx_word' id='word_1_452' title='bbox 2565 3965 2630 3977; x_wconf 92' lang='lat'>--</span> 
     </span>
     <span class='ocr_line' id='line_1_68' title="bbox 1510 4004 2220 4074; baseline 0.001 -12"><span class='ocrx_word' id='word_1_453' title='bbox 1510 4005 1653 4062; x_wconf 79' lang='lat' dir='ltr'>wird</span> <span class='ocrx_word' id='word_1_454' title='bbox 1689 4004 1980 4074; x_wconf 82' lang='lat' dir='ltr'>getroffen.</span> <span class='ocrx_word' id='word_1_455' title='bbox 2217 4019 2220 4022; x_wconf 83' lang='grc'><strong><em>’</em></strong></span> 
     </span>
    </p>

    <p class='ocr_par' dir='ltr' id='par_1_11' title="bbox 1509 4076 2632 4203">
     <span class='ocr_line' id='line_1_69' title="bbox 1583 4076 2632 4148; baseline 0 -18"><span class='ocrx_word' id='word_1_456' title='bbox 1583 4081 1670 4131; x_wconf 81' lang='grc'><strong>24.</strong></span> <span class='ocrx_word' id='word_1_457' title='bbox 1709 4078 1853 4132; x_wconf 83' lang='lat' dir='ltr'>duo.</span> <span class='ocrx_word' id='word_1_458' title='bbox 1894 4076 1998 4131; x_wconf 91' lang='lat' dir='ltr'>Die</span> <span class='ocrx_word' id='word_1_459' title='bbox 2021 4078 2214 4132; x_wconf 77' lang='lat' dir='ltr'>aweite</span> <span class='ocrx_word' id='word_1_460' title='bbox 2232 4077 2632 4148; x_wconf 84' lang='lat' dir='ltr'>Verwundung</span> 
     </span>
     <span class='ocr_line' id='line_1_70' title="bbox 1509 4146 2112 4203; baseline -0.002 -1"><span class='ocrx_word' id='word_1_461' title='bbox 1509 4147 1791 4202; x_wconf 86' lang='lat' dir='ltr'>berichtet</span> <span class='ocrx_word' id='word_1_462' title='bbox 1827 4146 1886 4202; x_wconf 86' lang='lat' dir='ltr'>G.</span> <span class='ocrx_word' id='word_1_463' title='bbox 1925 4148 2112 4203; x_wconf 89' lang='lat' dir='ltr'>allein.</span> 
     </span>
    </p>

    <p class='ocr_par' dir='ltr' id='par_1_12' title="bbox 1510 4218 2632 4416">
     <span class='ocr_line' id='line_1_71' title="bbox 1584 4218 2629 4287; baseline 0.001 -15"><span class='ocrx_word' id='word_1_464' title='bbox 1584 4223 1670 4273; x_wconf 83' lang='grc'><strong>25.</strong></span> <span class='ocrx_word' id='word_1_465' title='bbox 1727 4219 1942 4287; x_wconf 83' lang='lat' dir='ltr'>edita,·</span> <span class='ocrx_word' id='word_1_466' title='bbox 1986 4220 2138 4274; x_wconf 80' lang='lat' dir='ltr'>edere</span> <span class='ocrx_word' id='word_1_467' title='bbox 2171 4218 2448 4287; x_wconf 77' lang='lat' dir='ltr'>proelium</span> <span class='ocrx_word' id='word_1_468' title='bbox 2486 4237 2540 4272; x_wconf 87' lang='lat' dir='ltr'>u.</span> <span class='ocrx_word' id='word_1_469' title='bbox 2577 4223 2629 4274; x_wconf 71' lang='lat' dir='ltr'>a.</span> 
     </span>
     <span class='ocr_line' id='line_1_72' title="bbox 1512 4289 2632 4346; baseline 0.002 -3"><span class='ocrx_word' id='word_1_470' title='bbox 1512 4289 1688 4344; x_wconf 86' lang='lat' dir='ltr'>sehon</span> <span class='ocrx_word' id='word_1_471' title='bbox 1722 4289 1815 4343; x_wconf 92' lang='lat' dir='ltr'>bei</span> <span class='ocrx_word' id='word_1_472' title='bbox 1843 4289 1964 4344; x_wconf 83' lang='lat' dir='ltr'>Liv.</span> <span class='ocrx_word' id='word_1_473' title='bbox 1997 4319 2064 4330; x_wconf 93' lang='lat'><em>-</em></span> <span class='ocrx_word' id='word_1_474' title='bbox 2095 4291 2387 4345; x_wconf 80' lang='lat' dir='ltr'>lubricis</span> <span class='ocrx_word' id='word_1_475' title='bbox 2423 4292 2632 4346; x_wconf 77' lang='lat' dir='ltr'>armis</span> 
     </span>
     <span class='ocr_line' id='line_1_73' title="bbox 1510 4359 2210 4416; baseline 0.003 -2"><span class='ocrx_word' id='word_1_476' title='bbox 1510 4361 1615 4414; x_wconf 86' lang='lat' dir='ltr'>hat</span> <span class='ocrx_word' id='word_1_477' title='bbox 1650 4359 2019 4416; x_wconf 82' lang='lat' dir='ltr'>konzessiven</span> <span class='ocrx_word' id='word_1_478' title='bbox 2057 4360 2210 4416; x_wconf 88' lang='lat' dir='ltr'>Sinn.</span> 
     </span>
    </p>
   </div>
  </div>
 </body>
</html>
