<?xml version="1.0" encoding="UTF-8"?>
<!DOCTYPE html PUBLIC "-//W3C//DTD XHTML 1.0 Transitional//EN"
    "http://www.w3.org/TR/xhtml1/DTD/xhtml1-transitional.dtd">
<html xmlns="http://www.w3.org/1999/xhtml" xml:lang="en" lang="en">
 <head>
  <title>
</title>
<meta http-equiv="Content-Type" content="text/html;charset=utf-8" />
  <meta name='ocr-system' content='tesseract 3.04.00' />
  <meta name='ocr-capabilities' content='ocr_page ocr_carea ocr_par ocr_line ocrx_word'/>
</head>
<body>
  <div class='ocr_page' id='page_1' title='image "./qcurtirufihisto00vogegoog_0447.png"; bbox 0 0 3069 4749; ppageno 0'>
   <div class='ocr_carea' id='block_1_1' title="bbox 792 159 2104 229">
    <p class='ocr_par' dir='ltr' id='par_1_1' title="bbox 792 159 2104 229">
     <span class='ocr_line' id='line_1_1' title="bbox 792 159 2104 229; baseline -0.001 -12"><span class='ocrx_word' id='word_1_1' title='bbox 792 160 1301 218; x_wconf 78' lang='lat' dir='ltr'><strong>HISTORIARUM</strong></span> <span class='ocrx_word' id='word_1_2' title='bbox 1336 160 1770 216; x_wconf 83' lang='lat' dir='ltr'><strong>ALEXANDRI</strong></span> <span class='ocrx_word' id='word_1_3' title='bbox 1806 159 1982 229; x_wconf 82' lang='lat' dir='ltr'><strong>VIIII,</strong></span> <span class='ocrx_word' id='word_1_4' title='bbox 2024 165 2104 216; x_wconf 89' lang='grc'><strong>10.</strong></span> 
     </span>
    </p>
   </div>
   <div class='ocr_carea' id='block_1_2' title="bbox 274 322 2727 411">
    <p class='ocr_par' dir='ltr' id='par_1_2' title="bbox 274 322 2727 411">
     <span class='ocr_line' id='line_1_2' title="bbox 274 322 2727 411; baseline -0.006 -17"><span class='ocrx_word' id='word_1_5' title='bbox 274 326 701 411; x_wconf 72' lang='lat' dir='ltr'>Consumptis</span> <span class='ocrx_word' id='word_1_6' title='bbox 746 325 949 410; x_wconf 84' lang='lat' dir='ltr'><strong>igitur</strong></span> <span class='ocrx_word' id='word_1_7' title='bbox 996 323 1321 389; x_wconf 74' lang='lat' dir='ltr'><strong>alimentis</strong></span> <span class='ocrx_word' id='word_1_8' title='bbox 1359 322 1742 388; x_wconf 75' lang='lat' dir='ltr'><strong>Macedones</strong></span> <span class='ocrx_word' id='word_1_9' title='bbox 1789 324 2000 408; x_wconf 77' lang='lat' dir='ltr'><strong>pr&#39;mio</strong></span> <span class='ocrx_word' id='word_1_10' title='bbox 2043 322 2349 407; x_wconf 90' lang='lat' dir='ltr'><strong>inopiam,</strong></span> <span class='ocrx_word' id='word_1_11' title='bbox 2395 322 2622 388; x_wconf 90' lang='lat' dir='ltr'><strong>deinde</strong></span> <span class='ocrx_word' id='word_1_12' title='bbox 2664 333 2727 381; x_wconf 87' lang='lat'><strong>11</strong></span> 
     </span>
    </p>
   </div>
   <div class='ocr_carea' id='block_1_3' title="bbox 2491 158 2624 225">
    <p class='ocr_par' dir='ltr' id='par_1_3' title="bbox 2491 158 2624 225">
     <span class='ocr_line' id='line_1_3' title="bbox 2491 158 2624 225; baseline 0.03 -4"><span class='ocrx_word' id='word_1_13' title='bbox 2491 158 2624 225; x_wconf 78' lang='lat'><strong>205</strong></span> 
     </span>
    </p>
   </div>
   <div class='ocr_carea' id='block_1_4' title="bbox 280 412 2620 496">
    <p class='ocr_par' dir='ltr' id='par_1_4' title="bbox 280 412 2620 496">
     <span class='ocr_line' id='line_1_4' title="bbox 280 412 2620 496; baseline -0.002 -14"><span class='ocrx_word' id='word_1_14' title='bbox 280 418 365 483; x_wconf 86' lang='lat' dir='ltr'><strong>ad</strong></span> <span class='ocrx_word' id='word_1_15' title='bbox 420 416 721 481; x_wconf 84' lang='lat' dir='ltr'><strong>ultimum</strong></span> <span class='ocrx_word' id='word_1_16' title='bbox 784 414 1028 479; x_wconf 89' lang='lat' dir='ltr'><strong>famem</strong></span> <span class='ocrx_word' id='word_1_17' title='bbox 1092 412 1330 477; x_wconf 86' lang='lat' dir='ltr'><strong>sentire</strong></span> <span class='ocrx_word' id='word_1_18' title='bbox 1386 415 1763 496; x_wconf 87' lang='lat' dir='ltr'><strong>coeperunt,</strong></span> <span class='ocrx_word' id='word_1_19' title='bbox 1825 412 2074 477; x_wconf 81' lang='lat' dir='ltr'>radices</span> <span class='ocrx_word' id='word_1_20' title='bbox 2127 412 2492 496; x_wconf 88' lang='lat' dir='ltr'><strong>palmarum</strong></span> <span class='ocrx_word' id='word_1_21' title='bbox 2543 448 2620 459; x_wconf 85' lang='lat'><strong>--</strong></span> 
     </span>
    </p>
   </div>
   <div class='ocr_carea' id='block_1_5' title="bbox 276 492 2730 589">
    <p class='ocr_par' dir='ltr' id='par_1_5' title="bbox 276 492 2730 589">
     <span class='ocr_line' id='line_1_5' title="bbox 276 492 2730 589; baseline -0.002 -19"><span class='ocrx_word' id='word_1_22' title='bbox 276 525 562 589; x_wconf 85' lang='lat' dir='ltr'><strong>namque</strong></span> <span class='ocrx_word' id='word_1_23' title='bbox 610 503 749 568; x_wconf 90' lang='lat' dir='ltr'><strong>sola</strong></span> <span class='ocrx_word' id='word_1_24' title='bbox 790 524 867 567; x_wconf 89' lang='lat' dir='ltr'><strong>ea</strong></span> <span class='ocrx_word' id='word_1_25' title='bbox 911 502 1103 567; x_wconf 88' lang='lat' dir='ltr'><strong>arbor</strong></span> <span class='ocrx_word' id='word_1_26' title='bbox 1133 492 1438 587; x_wconf 70' lang='lat' dir='ltr'><strong>&#39;gignitur</strong></span> <span class='ocrx_word' id='word_1_27' title='bbox 1480 536 1558 547; x_wconf 87' lang='lat'><strong>-—</strong></span> <span class='ocrx_word' id='word_1_28' title='bbox 1599 501 1838 584; x_wconf 91' lang='lat' dir='ltr'><strong>ubique</strong></span> <span class='ocrx_word' id='word_1_29' title='bbox 1884 500 2214 565; x_wconf 76' lang='lat' dir='ltr'><strong>rimantes.</strong></span> <span class='ocrx_word' id='word_1_30' title='bbox 2289 498 2431 585; x_wconf 92' lang='lat' dir='ltr'><strong>Sed,</strong></span> <span class='ocrx_word' id='word_1_31' title='bbox 2478 522 2626 567; x_wconf 87' lang='lat' dir='ltr'><strong>cum</strong></span> <span class='ocrx_word' id='word_1_32' title='bbox 2666 510 2730 561; x_wconf 79' lang='lat'><strong>12</strong></span> 
     </span>
    </p>
   </div>
   <div class='ocr_carea' id='block_1_6' title="bbox 278 588 2625 854">
    <p class='ocr_par' dir='ltr' id='par_1_6' title="bbox 278 588 2625 854">
     <span class='ocr_line' id='line_1_6' title="bbox 284 588 2625 677; baseline -0.002 -18"><span class='ocrx_word' id='word_1_33' title='bbox 284 594 445 659; x_wconf 89' lang='lat' dir='ltr'><strong>hacc</strong></span> <span class='ocrx_word' id='word_1_34' title='bbox 492 613 745 677; x_wconf 90' lang='lat' dir='ltr'><strong>quoque</strong></span> <span class='ocrx_word' id='word_1_35' title='bbox 792 591 1104 657; x_wconf 85' lang='lat' dir='ltr'><strong>alimenta</strong></span> <span class='ocrx_word' id='word_1_36' title='bbox 1148 589 1542 672; x_wconf 72' lang='lat' dir='ltr'><strong>defecerant,</strong></span> <span class='ocrx_word' id='word_1_37' title='bbox 1587 589 1876 654; x_wconf 90' lang='lat' dir='ltr'><strong>iumenta</strong></span> <span class='ocrx_word' id='word_1_38' title='bbox 1917 588 2179 655; x_wconf 77' lang='lat' dir='ltr'><strong>caedere</strong></span> <span class='ocrx_word' id='word_1_39' title='bbox 2217 589 2508 673; x_wconf 80' lang='lat' dir='ltr'><strong>adgressi</strong></span> <span class='ocrx_word' id='word_1_40' title='bbox 2541 612 2625 655; x_wconf 90' lang='lat' dir='ltr'><strong>ne</strong></span> 
     </span>
     <span class='ocr_line' id='line_1_7' title="bbox 278 677 2625 767; baseline -0.002 -20"><span class='ocrx_word' id='word_1_41' title='bbox 278 683 471 767; x_wconf 84' lang='lat' dir='ltr'><strong>equis</strong></span> <span class='ocrx_word' id='word_1_42' title='bbox 519 680 775 765; x_wconf 80' lang='lat' dir='ltr'><strong>quidem</strong></span> <span class='ocrx_word' id='word_1_43' title='bbox 822 679 1267 745; x_wconf 86' lang='lat' dir='ltr'><strong>abstinebant:</strong></span> <span class='ocrx_word' id='word_1_44' title='bbox 1314 682 1380 742; x_wconf 88' lang='lat' dir='ltr'><strong>et</strong></span> <span class='ocrx_word' id='word_1_45' title='bbox 1426 699 1572 743; x_wconf 91' lang='lat' dir='ltr'><strong>cum</strong></span> <span class='ocrx_word' id='word_1_46' title='bbox 1619 677 1932 761; x_wconf 89' lang='lat' dir='ltr'><strong>deessent,</strong></span> <span class='ocrx_word' id='word_1_47' title='bbox 1975 698 2138 761; x_wconf 88' lang='lat' dir='ltr'><strong>quae</strong></span> <span class='ocrx_word' id='word_1_48' title='bbox 2185 679 2472 743; x_wconf 77' lang='lat' dir='ltr'><strong>sarcinas</strong></span> <span class='ocrx_word' id='word_1_49' title='bbox 2519 700 2625 743; x_wconf 92' lang='lat' dir='ltr'><strong>ve-</strong></span> 
     </span>
     <span class='ocr_line' id='line_1_8' title="bbox 283 764 2624 854; baseline -0.001 -19"><span class='ocrx_word' id='word_1_50' title='bbox 283 772 533 854; x_wconf 87' lang='lat' dir='ltr'><strong>herent,</strong></span> <span class='ocrx_word' id='word_1_51' title='bbox 578 769 786 853; x_wconf 87' lang='lat' dir='ltr'><strong>spolia</strong></span> <span class='ocrx_word' id='word_1_52' title='bbox 831 767 909 833; x_wconf 89' lang='lat' dir='ltr'><strong>de</strong></span> <span class='ocrx_word' id='word_1_53' title='bbox 952 766 1271 850; x_wconf 73' lang='lat' dir='ltr'><strong>hostibus,</strong></span> <span class='ocrx_word' id='word_1_54' title='bbox 1316 770 1587 851; x_wconf 89' lang='lat' dir='ltr'><strong>propter</strong></span> <span class='ocrx_word' id='word_1_55' title='bbox 1629 786 1796 850; x_wconf 64' lang='lat' dir='ltr'><strong>‘quae</strong></span> <span class='ocrx_word' id='word_1_56' title='bbox 1841 766 2078 830; x_wconf 87' lang='lat' dir='ltr'><strong>ultima</strong></span> <span class='ocrx_word' id='word_1_57' title='bbox 2115 764 2401 831; x_wconf 75' lang='lat' dir='ltr'><strong>Orientis</strong></span> <span class='ocrx_word' id='word_1_58' title='bbox 2443 788 2624 851; x_wconf 88' lang='lat' dir='ltr'><strong>pera-</strong></span> 
     </span>
    </p>
   </div>
   <div class='ocr_carea' id='block_1_7' title="bbox 282 854 2730 946">
    <p class='ocr_par' dir='ltr' id='par_1_7' title="bbox 282 854 2730 946">
     <span class='ocr_line' id='line_1_9' title="bbox 282 854 2730 946; baseline -0.002 -22"><span class='ocrx_word' id='word_1_59' title='bbox 282 860 660 946; x_wconf 88' lang='lat' dir='ltr'><strong>graverant‚</strong></span> <span class='ocrx_word' id='word_1_60' title='bbox 708 856 1081 922; x_wconf 77' lang='lat' dir='ltr'><strong>cremabant</strong></span> <span class='ocrx_word' id='word_1_61' title='bbox 1124 854 1441 920; x_wconf 90' lang='lat' dir='ltr'><strong>incendio.</strong></span> <span class='ocrx_word' id='word_1_62' title='bbox 1524 854 1790 919; x_wconf 85' lang='lat' dir='ltr'><strong>Famem</strong></span> <span class='ocrx_word' id='word_1_63' title='bbox 1837 854 2066 919; x_wconf 88' lang='lat' dir='ltr'><strong>deinde</strong></span> <span class='ocrx_word' id='word_1_64' title='bbox 2111 856 2486 939; x_wconf 85' lang='lat' dir='ltr'><strong>pestilentia</strong></span> <span class='ocrx_word' id='word_1_65' title='bbox 2531 876 2625 921; x_wconf 89' lang='lat' dir='ltr'><strong>se·</strong></span> <span class='ocrx_word' id='word_1_66' title='bbox 2666 863 2730 912; x_wconf 89' lang='lat'><strong>13</strong></span> 
     </span>
    </p>
   </div>
   <div class='ocr_carea' id='block_1_8' title="bbox 274 942 2626 1207">
    <p class='ocr_par' dir='ltr' id='par_1_8' title="bbox 274 942 2626 1207">
     <span class='ocr_line' id='line_1_10' title="bbox 274 942 2626 1030; baseline -0.002 -17"><span class='ocrx_word' id='word_1_67' title='bbox 274 950 435 1015; x_wconf 83' lang='lat' dir='ltr'><strong>cuta</strong></span> <span class='ocrx_word' id='word_1_68' title='bbox 471 950 598 1030; x_wconf 86' lang='lat' dir='ltr'><strong>est,</strong></span> <span class='ocrx_word' id='word_1_69' title='bbox 636 946 873 1030; x_wconf 91' lang='lat' dir='ltr'><strong>quippe</strong></span> <span class='ocrx_word' id='word_1_70' title='bbox 910 943 1343 1010; x_wconf 84' lang='lat' dir='ltr'><strong>insalubrium</strong></span> <span class='ocrx_word' id='word_1_71' title='bbox 1380 944 1673 1009; x_wconf 89' lang='lat' dir='ltr'><strong>ciborum</strong></span> <span class='ocrx_word' id='word_1_72' title='bbox 1709 943 1864 1009; x_wconf 92' lang='lat' dir='ltr'><strong>novi</strong></span> <span class='ocrx_word' id='word_1_73' title='bbox 1903 943 2067 1029; x_wconf 89' lang='lat' dir='ltr'><strong>suci,</strong></span> <span class='ocrx_word' id='word_1_74' title='bbox 2103 942 2184 1008; x_wconf 89' lang='lat' dir='ltr'><strong>ad</strong></span> <span class='ocrx_word' id='word_1_75' title='bbox 2218 943 2345 1008; x_wconf 91' lang='lat' dir='ltr'><strong>hoc</strong></span> <span class='ocrx_word' id='word_1_76' title='bbox 2376 944 2626 1009; x_wconf 87' lang='lat' dir='ltr'><strong>itineris</strong></span> 
     </span>
     <span class='ocr_line' id='line_1_11' title="bbox 276 1031 2626 1119; baseline -0.001 -19"><span class='ocrx_word' id='word_1_77' title='bbox 276 1036 468 1101; x_wconf 89' lang='lat' dir='ltr'><strong>labor</strong></span> <span class='ocrx_word' id='word_1_78' title='bbox 522 1040 589 1101; x_wconf 90' lang='lat' dir='ltr'><strong>et</strong></span> <span class='ocrx_word' id='word_1_79' title='bbox 634 1034 973 1119; x_wconf 83' lang='lat' dir='ltr'><strong>aegritudo</strong></span> <span class='ocrx_word' id='word_1_80' title='bbox 1031 1034 1234 1098; x_wconf 85' lang='lat' dir='ltr'><strong>animi</strong></span> <span class='ocrx_word' id='word_1_81' title='bbox 1278 1032 1710 1119; x_wconf 84' lang='lat' dir='ltr'><strong>vulgaverant</strong></span> <span class='ocrx_word' id='word_1_82' title='bbox 1763 1031 2028 1097; x_wconf 90' lang='lat' dir='ltr'><strong>morbos</strong></span> <span class='ocrx_word' id='word_1_83' title='bbox 2093 1036 2157 1096; x_wconf 92' lang='lat' dir='ltr'><strong>et</strong></span> <span class='ocrx_word' id='word_1_84' title='bbox 2203 1052 2324 1097; x_wconf 91' lang='lat' dir='ltr'><strong>nec</strong></span> <span class='ocrx_word' id='word_1_85' title='bbox 2367 1054 2626 1098; x_wconf 89' lang='lat' dir='ltr'><strong>manere</strong></span> 
     </span>
     <span class='ocr_line' id='line_1_12' title="bbox 274 1120 2624 1207; baseline -0.002 -17"><span class='ocrx_word' id='word_1_86' title='bbox 274 1126 419 1190; x_wconf 83' lang='lat' dir='ltr'><strong>sine</strong></span> <span class='ocrx_word' id='word_1_87' title='bbox 468 1122 647 1191; x_wconf 88' lang='lat' dir='ltr'><strong>clade</strong></span> <span class='ocrx_word' id='word_1_88' title='bbox 692 1146 811 1189; x_wconf 89' lang='lat' dir='ltr'><strong>nec</strong></span> <span class='ocrx_word' id='word_1_89' title='bbox 856 1122 1161 1207; x_wconf 86' lang='lat' dir='ltr'><strong>progredi</strong></span> <span class='ocrx_word' id='word_1_90' title='bbox 1204 1126 1538 1206; x_wconf 87' lang='lat' dir='ltr'><strong>poterant:</strong></span> <span class='ocrx_word' id='word_1_91' title='bbox 1584 1124 1916 1186; x_wconf 87' lang='lat' dir='ltr'><strong>manentes</strong></span> <span class='ocrx_word' id='word_1_92' title='bbox 1961 1120 2187 1205; x_wconf 89' lang='lat' dir='ltr'><strong>fames,</strong></span> <span class='ocrx_word' id='word_1_93' title='bbox 2243 1132 2624 1207; x_wconf 80' lang='lat' dir='ltr'><strong>progressos</strong></span> 
     </span>
    </p>
   </div>
   <div class='ocr_carea' id='block_1_9' title="bbox 280 1210 1295 1297">
    <p class='ocr_par' dir='ltr' id='par_1_9' title="bbox 280 1210 1295 1297">
     <span class='ocr_line' id='line_1_13' title="bbox 280 1210 1295 1297; baseline -0.004 -19"><span class='ocrx_word' id='word_1_94' title='bbox 280 1214 487 1279; x_wconf 89' lang='lat' dir='ltr'><strong>acrior</strong></span> <span class='ocrx_word' id='word_1_95' title='bbox 555 1212 927 1297; x_wconf 88' lang='lat' dir='ltr'><strong>pestilentia</strong></span> <span class='ocrx_word' id='word_1_96' title='bbox 998 1210 1295 1295; x_wconf 87' lang='lat' dir='ltr'><strong>urgebat.</strong></span> 
     </span>
    </p>
   </div>
   <div class='ocr_carea' id='block_1_10' title="bbox 1395 1210 2626 1297">
    <p class='ocr_par' dir='ltr' id='par_1_10' title="bbox 1395 1210 2626 1297">
     <span class='ocr_line' id='line_1_14' title="bbox 1395 1210 2626 1297; baseline 0 -22"><span class='ocrx_word' id='word_1_97' title='bbox 1395 1210 1577 1297; x_wconf 83' lang='lat' dir='ltr'><strong>Ergo</strong></span> <span class='ocrx_word' id='word_1_98' title='bbox 1641 1210 1834 1275; x_wconf 88' lang='lat' dir='ltr'><strong>strati</strong></span> <span class='ocrx_word' id='word_1_99' title='bbox 1898 1214 2084 1275; x_wconf 90' lang='lat' dir='ltr'><strong>erant</strong></span> <span class='ocrx_word' id='word_1_100' title='bbox 2148 1211 2358 1293; x_wconf 81' lang='lat' dir='ltr'><strong>campi</strong></span> <span class='ocrx_word' id='word_1_101' title='bbox 2423 1232 2626 1294; x_wconf 89' lang='lat' dir='ltr'><strong>paene</strong></span> 
     </span>
    </p>
   </div>
   <div class='ocr_carea' id='block_1_11' title="bbox 278 1297 2628 1565">
    <p class='ocr_par' dir='ltr' id='par_1_11' title="bbox 278 1297 2628 1565">
     <span class='ocr_line' id='line_1_15' title="bbox 278 1297 2626 1387; baseline -0.001 -20"><span class='ocrx_word' id='word_1_102' title='bbox 278 1302 579 1387; x_wconf 91' lang='lat' dir='ltr'><strong>pluribus</strong></span> <span class='ocrx_word' id='word_1_103' title='bbox 635 1300 965 1366; x_wconf 81' lang='lat' dir='ltr'><strong>semivivis</strong></span> <span class='ocrx_word' id='word_1_104' title='bbox 1020 1321 1213 1384; x_wconf 88' lang='lat' dir='ltr'><strong>quam</strong></span> <span class='ocrx_word' id='word_1_105' title='bbox 1273 1298 1711 1364; x_wconf 90' lang='lat' dir='ltr'><strong>cadaveribus.</strong></span> <span class='ocrx_word' id='word_1_106' title='bbox 1809 1297 1908 1363; x_wconf 90' lang='lat' dir='ltr'><strong>Ac</strong></span> <span class='ocrx_word' id='word_1_107' title='bbox 1959 1320 2041 1364; x_wconf 89' lang='lat' dir='ltr'><strong>nc</strong></span> <span class='ocrx_word' id='word_1_108' title='bbox 2097 1298 2306 1364; x_wconf 87' lang='lat' dir='ltr'><strong>levius</strong></span> <span class='ocrx_word' id='word_1_109' title='bbox 2365 1298 2626 1383; x_wconf 90' lang='lat' dir='ltr'><strong>quidem</strong></span> 
     </span>
     <span class='ocr_line' id='line_1_16' title="bbox 282 1387 2628 1477; baseline -0.002 -21"><span class='ocrx_word' id='word_1_110' title='bbox 282 1391 465 1477; x_wconf 82' lang='lat' dir='ltr'><strong>aegri</strong></span> <span class='ocrx_word' id='word_1_111' title='bbox 522 1391 702 1473; x_wconf 85' lang='lat' dir='ltr'><strong>sequi</strong></span> <span class='ocrx_word' id='word_1_112' title='bbox 754 1393 1085 1473; x_wconf 85' lang='lat' dir='ltr'><strong>poterant:</strong></span> <span class='ocrx_word' id='word_1_113' title='bbox 1141 1388 1378 1473; x_wconf 88' lang='lat' dir='ltr'><strong>quippe</strong></span> <span class='ocrx_word' id='word_1_114' title='bbox 1435 1408 1671 1472; x_wconf 88' lang='lat' dir='ltr'><strong>agmen</strong></span> <span class='ocrx_word' id='word_1_115' title='bbox 1718 1387 1960 1472; x_wconf 90' lang='lat' dir='ltr'><strong>raptim</strong></span> <span class='ocrx_word' id='word_1_116' title='bbox 2009 1388 2326 1472; x_wconf 86' lang='lat' dir='ltr'><strong>agebatur</strong></span> <span class='ocrx_word' id='word_1_117' title='bbox 2369 1389 2628 1453; x_wconf 89' lang='lat' dir='ltr'><strong>tantum</strong></span> 
     </span>
     <span class='ocr_line' id='line_1_17' title="bbox 286 1476 2628 1565; baseline -0.002 -20"><span class='ocrx_word' id='word_1_118' title='bbox 286 1479 567 1565; x_wconf 88' lang='lat' dir='ltr'><strong>singulis</strong></span> <span class='ocrx_word' id='word_1_119' title='bbox 616 1478 697 1542; x_wconf 90' lang='lat' dir='ltr'><strong>ad</strong></span> <span class='ocrx_word' id='word_1_120' title='bbox 744 1500 926 1562; x_wconf 89' lang='lat' dir='ltr'><strong>spem</strong></span> <span class='ocrx_word' id='word_1_121' title='bbox 982 1477 1211 1542; x_wconf 89' lang='lat' dir='ltr'><strong>salutis</strong></span> <span class='ocrx_word' id='word_1_122' title='bbox 1257 1476 1435 1562; x_wconf 90' lang='lat' dir='ltr'><strong>ipsos</strong></span> <span class='ocrx_word' id='word_1_123' title='bbox 1482 1476 1793 1560; x_wconf 89' lang='lat' dir='ltr'><strong>proficere</strong></span> <span class='ocrx_word' id='word_1_124' title='bbox 1839 1476 2266 1560; x_wconf 87' lang='lat' dir='ltr'><strong>credentibus,</strong></span> <span class='ocrx_word' id='word_1_125' title='bbox 2312 1479 2628 1560; x_wconf 90' lang='lat' dir='ltr'><strong>quantum</strong></span> 
     </span>
    </p>
   </div>
   <div class='ocr_carea' id='block_1_12' title="bbox 280 1563 2734 1650">
    <p class='ocr_par' dir='ltr' id='par_1_12' title="bbox 280 1563 2734 1650">
     <span class='ocr_line' id='line_1_18' title="bbox 280 1563 2734 1650; baseline -0.002 -19"><span class='ocrx_word' id='word_1_126' title='bbox 280 1568 535 1632; x_wconf 84' lang='lat' dir='ltr'><strong>itineris</strong></span> <span class='ocrx_word' id='word_1_127' title='bbox 599 1565 963 1631; x_wconf 85' lang='lat' dir='ltr'><strong>festinando</strong></span> <span class='ocrx_word' id='word_1_128' title='bbox 1026 1566 1486 1649; x_wconf 86' lang='lat' dir='ltr'><strong>praeciperent.</strong></span> <span class='ocrx_word' id='word_1_129' title='bbox 1582 1564 1794 1650; x_wconf 85' lang='lat' dir='ltr'><strong>Igitur</strong></span> <span class='ocrx_word' id='word_1_130' title='bbox 1849 1566 1960 1650; x_wconf 90' lang='lat' dir='ltr'><strong>qui</strong></span> <span class='ocrx_word' id='word_1_131' title='bbox 2016 1563 2382 1630; x_wconf 87' lang='lat' dir='ltr'><strong>defecerant</strong></span> <span class='ocrx_word' id='word_1_132' title='bbox 2433 1570 2626 1631; x_wconf 87' lang='lat' dir='ltr'><strong>notos</strong></span> <span class='ocrx_word' id='word_1_133' title='bbox 2669 1576 2734 1627; x_wconf 83' lang='lat'><strong>15</strong></span> 
     </span>
    </p>
   </div>
   <div class='ocr_carea' id='block_1_13' title="bbox 280 1653 2632 2006">
    <p class='ocr_par' dir='ltr' id='par_1_13' title="bbox 280 1653 2632 2006">
     <span class='ocr_line' id='line_1_19' title="bbox 280 1653 2631 1740; baseline -0.001 -21"><span class='ocrx_word' id='word_1_134' title='bbox 280 1656 700 1740; x_wconf 85' lang='lat' dir='ltr'><strong>ignotosque,</strong></span> <span class='ocrx_word' id='word_1_135' title='bbox 756 1658 832 1720; x_wconf 92' lang='lat' dir='ltr'><strong>ut</strong></span> <span class='ocrx_word' id='word_1_136' title='bbox 878 1654 1356 1735; x_wconf 87' lang='lat' dir='ltr'><strong>adlevarentur,</strong></span> <span class='ocrx_word' id='word_1_137' title='bbox 1402 1654 1702 1719; x_wconf 89' lang='lat' dir='ltr'><strong>orabant:</strong></span> <span class='ocrx_word' id='word_1_138' title='bbox 1767 1653 1879 1719; x_wconf 90' lang='lat' dir='ltr'><strong>sed</strong></span> <span class='ocrx_word' id='word_1_139' title='bbox 1923 1676 2043 1719; x_wconf 88' lang='lat' dir='ltr'><strong>nec</strong></span> <span class='ocrx_word' id='word_1_140' title='bbox 2087 1655 2378 1719; x_wconf 89' lang='lat' dir='ltr'><strong>iumenta</strong></span> <span class='ocrx_word' id='word_1_141' title='bbox 2425 1657 2631 1739; x_wconf 90' lang='lat' dir='ltr'><strong>erant,</strong></span> 
     </span>
     <span class='ocr_line' id='line_1_20' title="bbox 285 1742 2630 1828; baseline -0 -20"><span class='ocrx_word' id='word_1_142' title='bbox 285 1744 521 1828; x_wconf 88' lang='lat' dir='ltr'><strong>quibus</strong></span> <span class='ocrx_word' id='word_1_143' title='bbox 568 1743 779 1827; x_wconf 86' lang='lat' dir='ltr'><strong>excipi</strong></span> <span class='ocrx_word' id='word_1_144' title='bbox 810 1745 1106 1827; x_wconf 84' lang='lat' dir='ltr'><strong>possent,</strong></span> <span class='ocrx_word' id='word_1_145' title='bbox 1154 1745 1219 1807; x_wconf 88' lang='lat' dir='ltr'><strong>et</strong></span> <span class='ocrx_word' id='word_1_146' title='bbox 1263 1742 1451 1808; x_wconf 88' lang='lat' dir='ltr'><strong>miles</strong></span> <span class='ocrx_word' id='word_1_147' title='bbox 1496 1742 1608 1807; x_wconf 85' lang='lat' dir='ltr'><strong>vix</strong></span> <span class='ocrx_word' id='word_1_148' title='bbox 1649 1764 1830 1807; x_wconf 86' lang='lat' dir='ltr'><strong>arma</strong></span> <span class='ocrx_word' id='word_1_149' title='bbox 1865 1742 2172 1827; x_wconf 90' lang='lat' dir='ltr'><strong>portabat</strong></span> <span class='ocrx_word' id='word_1_150' title='bbox 2206 1742 2630 1807; x_wconf 89' lang='lat' dir='ltr'><strong>imminentis·</strong></span> 
     </span>
     <span class='ocr_line' id='line_1_21' title="bbox 286 1831 2632 1918; baseline 0 -21"><span class='ocrx_word' id='word_1_151' title='bbox 286 1854 413 1917; x_wconf 87' lang='lat' dir='ltr'><strong>quc</strong></span> <span class='ocrx_word' id='word_1_152' title='bbox 461 1836 527 1899; x_wconf 86' lang='lat' dir='ltr'><strong>et</strong></span> <span class='ocrx_word' id='word_1_153' title='bbox 570 1832 731 1915; x_wconf 90' lang='lat' dir='ltr'><strong>ipsis</strong></span> <span class='ocrx_word' id='word_1_154' title='bbox 775 1831 979 1897; x_wconf 89' lang='lat' dir='ltr'><strong>facies</strong></span> <span class='ocrx_word' id='word_1_155' title='bbox 1024 1832 1182 1897; x_wconf 89' lang='lat' dir='ltr'><strong>mali</strong></span> <span class='ocrx_word' id='word_1_156' title='bbox 1229 1834 1378 1897; x_wconf 87' lang='lat' dir='ltr'><strong>ante</strong></span> <span class='ocrx_word' id='word_1_157' title='bbox 1424 1831 1646 1897; x_wconf 89' lang='lat' dir='ltr'><strong>oculos</strong></span> <span class='ocrx_word' id='word_1_158' title='bbox 1693 1834 1850 1897; x_wconf 90' lang='lat' dir='ltr'><strong>erat.</strong></span> <span class='ocrx_word' id='word_1_159' title='bbox 1921 1831 2102 1918; x_wconf 84' lang='lat' dir='ltr'><strong>Ergo</strong></span> <span class='ocrx_word' id='word_1_160' title='bbox 2151 1832 2407 1915; x_wconf 72' lang='lat' dir='ltr'><strong>saepius</strong></span> <span class='ocrx_word' id='word_1_161' title='bbox 2451 1852 2632 1897; x_wconf 87' lang='lat' dir='ltr'><strong>revo-</strong></span> 
     </span>
     <span class='ocr_line' id='line_1_22' title="bbox 286 1918 2630 2006; baseline -0.001 -21"><span class='ocrx_word' id='word_1_162' title='bbox 286 1922 419 1987; x_wconf 85' lang='lat' dir='ltr'><strong>cati</strong></span> <span class='ocrx_word' id='word_1_163' title='bbox 456 1942 535 1985; x_wconf 92' lang='lat' dir='ltr'><strong>ne</strong></span> <span class='ocrx_word' id='word_1_164' title='bbox 572 1922 888 2006; x_wconf 90' lang='lat' dir='ltr'><strong>respicere</strong></span> <span class='ocrx_word' id='word_1_165' title='bbox 925 1920 1186 2004; x_wconf 89' lang='lat' dir='ltr'><strong>quidem</strong></span> <span class='ocrx_word' id='word_1_166' title='bbox 1224 1940 1373 1985; x_wconf 92' lang='lat' dir='ltr'><strong>suos</strong></span> <span class='ocrx_word' id='word_1_167' title='bbox 1404 1920 1818 1985; x_wconf 86' lang='lat' dir='ltr'><strong>sustinebant</strong></span> <span class='ocrx_word' id='word_1_168' title='bbox 1845 1920 2286 1985; x_wconf 87' lang='lat' dir='ltr'><strong>misericordia</strong></span> <span class='ocrx_word' id='word_1_169' title='bbox 2311 1920 2380 1984; x_wconf 89' lang='lat' dir='ltr'><strong>in</strong></span> <span class='ocrx_word' id='word_1_170' title='bbox 2407 1918 2630 1985; x_wconf 90' lang='lat' dir='ltr'><strong>formi-</strong></span> 
     </span>
    </p>
   </div>
   <div class='ocr_carea' id='block_1_14' title="bbox 288 2008 2734 2096">
    <p class='ocr_par' dir='ltr' id='par_1_14' title="bbox 288 2008 2734 2096">
     <span class='ocr_line' id='line_1_23' title="bbox 288 2008 2734 2096; baseline -0.001 -22"><span class='ocrx_word' id='word_1_171' title='bbox 288 2010 503 2075; x_wconf 87' lang='lat' dir='ltr'><strong>dinem</strong></span> <span class='ocrx_word' id='word_1_172' title='bbox 549 2031 752 2075; x_wconf 88' lang='lat' dir='ltr'><strong>versa.</strong></span> <span class='ocrx_word' id='word_1_173' title='bbox 825 2008 935 2073; x_wconf 91' lang='lat' dir='ltr'><strong>Illi</strong></span> <span class='ocrx_word' id='word_1_174' title='bbox 981 2008 1195 2074; x_wconf 87' lang='lat' dir='ltr'><strong>relicti</strong></span> <span class='ocrx_word' id='word_1_175' title='bbox 1240 2008 1394 2073; x_wconf 89' lang='lat' dir='ltr'><strong>deos</strong></span> <span class='ocrx_word' id='word_1_176' title='bbox 1440 2010 1644 2073; x_wconf 88' lang='lat' dir='ltr'><strong>testes</strong></span> <span class='ocrx_word' id='word_1_177' title='bbox 1693 2012 1759 2074; x_wconf 92' lang='lat' dir='ltr'><strong>et</strong></span> <span class='ocrx_word' id='word_1_178' title='bbox 1801 2009 2390 2081; x_wconf 78' lang='lat' dir='ltr'><strong>sacracommunia</strong></span> <span class='ocrx_word' id='word_1_179' title='bbox 2426 2009 2629 2096; x_wconf 90' lang='lat' dir='ltr'><strong>regis·</strong></span> <span class='ocrx_word' id='word_1_180' title='bbox 2670 2022 2734 2072; x_wconf 86' lang='lat'><strong>16</strong></span> 
     </span>
    </p>
   </div>
   <div class='ocr_carea' id='block_1_15' title="bbox 286 2096 2660 2271">
    <p class='ocr_par' dir='ltr' id='par_1_15' title="bbox 286 2096 2660 2271">
     <span class='ocr_line' id='line_1_24' title="bbox 288 2096 2660 2183; baseline 0.001 -19"><span class='ocrx_word' id='word_1_181' title='bbox 288 2120 411 2183; x_wconf 88' lang='lat' dir='ltr'><strong>que</strong></span> <span class='ocrx_word' id='word_1_182' title='bbox 458 2098 873 2181; x_wconf 86' lang='lat' dir='ltr'><strong>inplorabant</strong></span> <span class='ocrx_word' id='word_1_183' title='bbox 915 2120 1129 2183; x_wconf 82' lang='lat' dir='ltr'><strong>opem:</strong></span> <span class='ocrx_word' id='word_1_184' title='bbox 1178 2119 1447 2183; x_wconf 84' lang='lat' dir='ltr'><strong>cumque</strong></span> <span class='ocrx_word' id='word_1_185' title='bbox 1483 2096 1732 2162; x_wconf 85' lang='lat' dir='ltr'><strong>frustra</strong></span> <span class='ocrx_word' id='word_1_186' title='bbox 1768 2098 1994 2163; x_wconf 89' lang='lat' dir='ltr'><strong>surdas</strong></span> <span class='ocrx_word' id='word_1_187' title='bbox 2033 2120 2220 2163; x_wconf 89' lang='lat' dir='ltr'><strong>aures</strong></span> <span class='ocrx_word' id='word_1_188' title='bbox 2255 2098 2660 2183; x_wconf 62' lang='lat' dir='ltr'><strong>fatigarent„</strong></span> 
     </span>
     <span class='ocr_line' id='line_1_25' title="bbox 286 2186 2630 2271; baseline 0 -20"><span class='ocrx_word' id='word_1_189' title='bbox 286 2187 357 2251; x_wconf 90' lang='lat' dir='ltr'><strong>in</strong></span> <span class='ocrx_word' id='word_1_190' title='bbox 408 2186 659 2252; x_wconf 89' lang='lat' dir='ltr'><strong>rabiem</strong></span> <span class='ocrx_word' id='word_1_191' title='bbox 721 2187 1171 2271; x_wconf 88' lang='lat' dir='ltr'><strong>desperatione</strong></span> <span class='ocrx_word' id='word_1_192' title='bbox 1233 2208 1422 2253; x_wconf 90' lang='lat' dir='ltr'><strong>versa</strong></span> <span class='ocrx_word' id='word_1_193' title='bbox 1484 2208 1710 2271; x_wconf 87' lang='lat' dir='ltr'><strong>parem</strong></span> <span class='ocrx_word' id='word_1_194' title='bbox 1777 2208 1892 2252; x_wconf 92' lang='lat' dir='ltr'><strong>suo</strong></span> <span class='ocrx_word' id='word_1_195' title='bbox 1957 2188 2200 2251; x_wconf 85' lang='lat' dir='ltr'><strong>exitum</strong></span> <span class='ocrx_word' id='word_1_196' title='bbox 2257 2186 2630 2271; x_wconf 86' lang='lat' dir='ltr'><strong>similesque</strong></span> 
     </span>
    </p>
   </div>
   <div class='ocr_carea' id='block_1_16' title="bbox 158 2274 2732 2361">
    <p class='ocr_par' dir='ltr' id='par_1_16' title="bbox 158 2274 2732 2361">
     <span class='ocr_line' id='line_1_26' title="bbox 158 2274 2732 2361; baseline -0.002 -19"><span class='ocrx_word' id='word_1_197' title='bbox 158 2276 259 2342; x_wconf 84' lang='lat'><strong>41</strong></span> <span class='ocrx_word' id='word_1_198' title='bbox 288 2276 448 2361; x_wconf 90' lang='lat' dir='ltr'><strong>ipsis</strong></span> <span class='ocrx_word' id='word_1_199' title='bbox 510 2276 751 2341; x_wconf 90' lang='lat' dir='ltr'><strong>amicos</strong></span> <span class='ocrx_word' id='word_1_200' title='bbox 800 2279 865 2340; x_wconf 91' lang='lat' dir='ltr'><strong>et</strong></span> <span class='ocrx_word' id='word_1_201' title='bbox 910 2276 1403 2342; x_wconf 88' lang='lat' dir='ltr'><strong>contubernales</strong></span> <span class='ocrx_word' id='word_1_202' title='bbox 1449 2275 1896 2360; x_wconf 89' lang='lat' dir='ltr'><strong>precabantur.</strong></span> <span class='ocrx_word' id='word_1_203' title='bbox 1986 2274 2122 2340; x_wconf 83' lang='lat' dir='ltr'><strong>Rex</strong></span> <span class='ocrx_word' id='word_1_204' title='bbox 2167 2274 2389 2341; x_wconf 89' lang='lat' dir='ltr'><strong>dolore</strong></span> <span class='ocrx_word' id='word_1_205' title='bbox 2435 2274 2630 2339; x_wconf 91' lang='lat' dir='ltr'><strong>simul</strong></span> <span class='ocrx_word' id='word_1_206' title='bbox 2671 2288 2732 2337; x_wconf 79' lang='grc'><strong>17</strong></span> 
     </span>
    </p>
   </div>
   <div class='ocr_carea' id='block_1_17' title="bbox 283 2362 2629 2802">
    <p class='ocr_par' dir='ltr' id='par_1_17' title="bbox 283 2362 2629 2802">
     <span class='ocr_line' id='line_1_27' title="bbox 286 2362 2627 2451; baseline -0 -21"><span class='ocrx_word' id='word_1_207' title='bbox 286 2387 361 2431; x_wconf 86' lang='lat' dir='ltr'><strong>ac</strong></span> <span class='ocrx_word' id='word_1_208' title='bbox 396 2364 640 2451; x_wconf 89' lang='lat' dir='ltr'><strong>pudore</strong></span> <span class='ocrx_word' id='word_1_209' title='bbox 679 2366 928 2451; x_wconf 84' lang='lat' dir='ltr'><strong>anxius,</strong></span> <span class='ocrx_word' id='word_1_210' title='bbox 980 2366 1132 2451; x_wconf 86' lang='lat' dir='ltr'><strong>quia</strong></span> <span class='ocrx_word' id='word_1_211' title='bbox 1168 2387 1363 2431; x_wconf 88' lang='lat' dir='ltr'><strong>causa</strong></span> <span class='ocrx_word' id='word_1_212' title='bbox 1398 2366 1622 2430; x_wconf 87' lang='lat' dir='ltr'><strong>tantae</strong></span> <span class='ocrx_word' id='word_1_213' title='bbox 1660 2363 1856 2430; x_wconf 90' lang='lat' dir='ltr'><strong>cladis</strong></span> <span class='ocrx_word' id='word_1_214' title='bbox 1894 2363 2033 2449; x_wconf 88' lang='lat' dir='ltr'><strong>ipse</strong></span> <span class='ocrx_word' id='word_1_215' title='bbox 2071 2367 2266 2450; x_wconf 91' lang='lat' dir='ltr'><strong>esset,</strong></span> <span class='ocrx_word' id='word_1_216' title='bbox 2311 2364 2391 2430; x_wconf 89' lang='lat' dir='ltr'><strong>ad</strong></span> <span class='ocrx_word' id='word_1_217' title='bbox 2425 2362 2627 2431; x_wconf 88' lang='lat' dir='ltr'><strong>Phra-</strong></span> 
     </span>
     <span class='ocr_line' id='line_1_28' title="bbox 283 2453 2628 2539; baseline -0 -20"><span class='ocrx_word' id='word_1_218' title='bbox 283 2455 668 2539; x_wconf 88' lang='lat' dir='ltr'><strong>taphernen,</strong></span> <span class='ocrx_word' id='word_1_219' title='bbox 713 2454 1227 2538; x_wconf 78' lang='lat' dir='ltr'><strong>Parthyaeorum</strong></span> <span class='ocrx_word' id='word_1_220' title='bbox 1264 2459 1594 2537; x_wconf 86' lang='lat' dir='ltr'><strong>satrapen,</strong></span> <span class='ocrx_word' id='word_1_221' title='bbox 1634 2454 1840 2537; x_wconf 88' lang='lat' dir='ltr'><strong>misit,</strong></span> <span class='ocrx_word' id='word_1_222' title='bbox 1877 2455 1988 2538; x_wconf 91' lang='lat' dir='ltr'><strong>qui</strong></span> <span class='ocrx_word' id='word_1_223' title='bbox 2027 2453 2328 2520; x_wconf 88' lang='lat' dir='ltr'><strong>iuberent</strong></span> <span class='ocrx_word' id='word_1_224' title='bbox 2365 2454 2628 2520; x_wconf 89' lang='lat' dir='ltr'><strong>camelis</strong></span> 
     </span>
     <span class='ocr_line' id='line_1_29' title="bbox 284 2543 2628 2628; baseline 0 -21"><span class='ocrx_word' id='word_1_225' title='bbox 284 2547 470 2608; x_wconf 90' lang='lat' dir='ltr'><strong>cocta</strong></span> <span class='ocrx_word' id='word_1_226' title='bbox 515 2543 761 2608; x_wconf 89' lang='lat' dir='ltr'><strong>cibaria</strong></span> <span class='ocrx_word' id='word_1_227' title='bbox 795 2543 1062 2622; x_wconf 86' lang='lat' dir='ltr'><strong>adferri,</strong></span> <span class='ocrx_word' id='word_1_228' title='bbox 1104 2545 1393 2628; x_wconf 89' lang='lat' dir='ltr'><strong>aliosque</strong></span> <span class='ocrx_word' id='word_1_229' title='bbox 1428 2543 1856 2608; x_wconf 89' lang='lat' dir='ltr'><strong>finitimarum</strong></span> <span class='ocrx_word' id='word_1_230' title='bbox 1890 2543 2230 2627; x_wconf 88' lang='lat' dir='ltr'><strong>regionum</strong></span> <span class='ocrx_word' id='word_1_231' title='bbox 2267 2543 2628 2626; x_wconf 90' lang='lat' dir='ltr'><strong>praefectos</strong></span> 
     </span>
     <span class='ocr_line' id='line_1_30' title="bbox 286 2629 2629 2699; baseline 0 -4"><span class='ocrx_word' id='word_1_232' title='bbox 286 2629 594 2695; x_wconf 87' lang='lat' dir='ltr'><strong>certiores</strong></span> <span class='ocrx_word' id='word_1_233' title='bbox 656 2632 1063 2696; x_wconf 90' lang='lat' dir='ltr'><strong>necessitatis</strong></span> <span class='ocrx_word' id='word_1_234' title='bbox 1131 2653 1283 2696; x_wconf 89' lang='lat' dir='ltr'><strong>suae</strong></span> <span class='ocrx_word' id='word_1_235' title='bbox 1350 2631 1523 2697; x_wconf 89' lang='lat' dir='ltr'><strong>fecit.</strong></span> <span class='ocrx_word' id='word_1_236' title='bbox 1623 2629 1762 2697; x_wconf 89' lang='lat' dir='ltr'><strong>Nec</strong></span> <span class='ocrx_word' id='word_1_237' title='bbox 1826 2636 2148 2697; x_wconf 87' lang='lat' dir='ltr'><strong>cessatum</strong></span> <span class='ocrx_word' id='word_1_238' title='bbox 2203 2636 2304 2699; x_wconf 89' lang='lat' dir='ltr'><strong>est</strong></span> <span class='ocrx_word' id='word_1_239' title='bbox 2359 2632 2440 2697; x_wconf 90' lang='lat' dir='ltr'><strong>ab</strong></span> <span class='ocrx_word' id='word_1_240' title='bbox 2505 2631 2629 2697; x_wconf 91' lang='lat' dir='ltr'><strong>his.</strong></span> 
     </span>
     <span class='ocr_line' id='line_1_31' title="bbox 286 2717 2628 2802; baseline 0.001 -20"><span class='ocrx_word' id='word_1_241' title='bbox 286 2717 516 2802; x_wconf 88' lang='lat' dir='ltr'><strong>Itaque</strong></span> <span class='ocrx_word' id='word_1_242' title='bbox 550 2723 721 2783; x_wconf 89' lang='lat' dir='ltr'><strong>fame</strong></span> <span class='ocrx_word' id='word_1_243' title='bbox 758 2718 1095 2784; x_wconf 87' lang='lat' dir='ltr'><strong>dumtaxat</strong></span> <span class='ocrx_word' id='word_1_244' title='bbox 1132 2719 1495 2784; x_wconf 88' lang='lat' dir='ltr'><strong>vindicatus</strong></span> <span class='ocrx_word' id='word_1_245' title='bbox 1534 2720 1850 2786; x_wconf 88' lang='lat' dir='ltr'><strong>exercitus</strong></span> <span class='ocrx_word' id='word_1_246' title='bbox 1893 2721 2156 2792; x_wconf 84' lang='lat' dir='ltr'><strong>tandem</strong></span> <span class='ocrx_word' id='word_1_247' title='bbox 2183 2721 2253 2786; x_wconf 92' lang='lat' dir='ltr'><strong>in</strong></span> <span class='ocrx_word' id='word_1_248' title='bbox 2282 2717 2628 2787; x_wconf 82' lang='lat' dir='ltr'><strong>Cedrosiae</strong></span> 
     </span>
    </p>
   </div>
   <div class='ocr_carea' id='block_1_18' title="bbox 284 2890 1405 3107">
    <p class='ocr_par' dir='ltr' id='par_1_18' title="bbox 284 2890 1405 3107">
     <span class='ocr_line' id='line_1_32' title="bbox 284 2890 1403 2980; baseline 0.001 -16"><span class='ocrx_word' id='word_1_249' title='bbox 284 2910 508 2964; x_wconf 64' lang='lat' dir='ltr'><strong>enthea</strong></span> <span class='ocrx_word' id='word_1_250' title='bbox 532 2890 673 2965; x_wconf 75' lang='lat' dir='ltr'><strong>eine&#39;</strong></span> <span class='ocrx_word' id='word_1_251' title='bbox 687 2909 1049 2980; x_wconf 45' lang='lat' dir='ltr'><strong>sdigamma</strong></span> <span class='ocrx_word' id='word_1_252' title='bbox 1085 2909 1276 2964; x_wconf 75' lang='lat' dir='ltr'><strong>indem</strong></span> <span class='ocrx_word' id='word_1_253' title='bbox 1303 2911 1403 2965; x_wconf 72' lang='lat' dir='ltr'><strong>das</strong></span> 
     </span>
     <span class='ocr_line' id='line_1_33' title="bbox 285 2980 1405 3050; baseline 0.003 -17"><span class='ocrx_word' id='word_1_254' title='bbox 285 2980 758 3050; x_wconf 84' lang='lat' dir='ltr'><strong>Vorhergehende</strong></span> <span class='ocrx_word' id='word_1_255' title='bbox 792 2997 868 3035; x_wconf 87' lang='lat' dir='ltr'><strong>an</strong></span> <span class='ocrx_word' id='word_1_256' title='bbox 902 2981 1017 3035; x_wconf 87' lang='lat' dir='ltr'><strong>und</strong></span> <span class='ocrx_word' id='word_1_257' title='bbox 1060 2980 1151 3034; x_wconf 74' lang='lat' dir='ltr'><strong>fur</strong></span> <span class='ocrx_word' id='word_1_258' title='bbox 1192 2980 1313 3035; x_wconf 88' lang='lat' dir='ltr'><strong>sich</strong></span> <span class='ocrx_word' id='word_1_259' title='bbox 1340 2981 1405 3050; x_wconf 87' lang='lat' dir='ltr'><strong>ja</strong></span> 
     </span>
     <span class='ocr_line' id='line_1_34' title="bbox 286 3050 1102 3107; baseline 0 -1"><span class='ocrx_word' id='word_1_260' title='bbox 286 3052 473 3106; x_wconf 87' lang='lat' dir='ltr'><strong>nichts</strong></span> <span class='ocrx_word' id='word_1_261' title='bbox 509 3050 977 3106; x_wconf 85' lang='lat' dir='ltr'><strong>Absonderliches</strong></span> <span class='ocrx_word' id='word_1_262' title='bbox 1012 3052 1102 3107; x_wconf 89' lang='lat' dir='ltr'><strong>ist.</strong></span> 
     </span>
    </p>
   </div>
   <div class='ocr_carea' id='block_1_19' title="bbox 362 3121 1407 3192">
    <p class='ocr_par' dir='ltr' id='par_1_19' title="bbox 362 3121 1407 3192">
     <span class='ocr_line' id='line_1_35' title="bbox 362 3121 1407 3192; baseline 0 -16"><span class='ocrx_word' id='word_1_263' title='bbox 362 3129 442 3177; x_wconf 88' lang='lat'><strong>11.</strong></span> <span class='ocrx_word' id='word_1_264' title='bbox 472 3123 801 3192; x_wconf 72' lang='lat' dir='ltr'><strong>yiquitur.</strong></span> <span class='ocrx_word' id='word_1_265' title='bbox 855 3121 1039 3177; x_wconf 89' lang='lat' dir='ltr'><strong>Ueber</strong></span> <span class='ocrx_word' id='word_1_266' title='bbox 1065 3123 1165 3177; x_wconf 83' lang='lat' dir='ltr'><strong>das</strong></span> <span class='ocrx_word' id='word_1_267' title='bbox 1193 3122 1407 3178; x_wconf 85' lang='lat' dir='ltr'><strong>Fehlen</strong></span> 
     </span>
    </p>
   </div>
   <div class='ocr_carea' id='block_1_20' title="bbox 284 3193 1405 3260">
    <p class='ocr_par' dir='ltr' id='par_1_20' title="bbox 284 3193 1405 3260">
     <span class='ocr_line' id='line_1_36' title="bbox 284 3193 1405 3260; baseline -0.001 -11"><span class='ocrx_word' id='word_1_268' title='bbox 284 3210 399 3249; x_wconf 90' lang='lat' dir='ltr'><strong>von</strong></span> <span class='ocrx_word' id='word_1_269' title='bbox 433 3194 535 3249; x_wconf 77' lang='lat' dir='ltr'><strong>ibi</strong></span> <span class='ocrx_word' id='word_1_270' title='bbox 566 3209 607 3247; x_wconf 87' lang='lat' dir='ltr'><strong>s.</strong></span> <span class='ocrx_word' id='word_1_271' title='bbox 637 3193 783 3248; x_wconf 82' lang='lat' dir='ltr'><strong>Einl.</strong></span> <span class='ocrx_word' id='word_1_272' title='bbox 820 3199 852 3260; x_wconf 70' lang='lat'>5</span> <span class='ocrx_word' id='word_1_273' title='bbox 878 3199 947 3248; x_wconf 74' lang='lat'><strong>52</strong></span> <span class='ocrx_word' id='word_1_274' title='bbox 976 3210 1024 3249; x_wconf 88' lang='lat' dir='ltr'><strong>a.</strong></span> <span class='ocrx_word' id='word_1_275' title='bbox 1091 3193 1255 3250; x_wconf 84' lang='lat' dir='ltr'><strong>Nach</strong></span> <span class='ocrx_word' id='word_1_276' title='bbox 1284 3195 1405 3250; x_wconf 77' lang='lat' dir='ltr'><strong>Arr.</strong></span> 
     </span>
    </p>
   </div>
   <div class='ocr_carea' id='block_1_21' title="bbox 282 3264 1409 3335">
    <p class='ocr_par' dir='ltr' id='par_1_21' title="bbox 282 3264 1409 3335">
     <span class='ocr_line' id='line_1_37' title="bbox 282 3264 1409 3335; baseline 0 -15"><span class='ocrx_word' id='word_1_277' title='bbox 282 3266 399 3320; x_wconf 82' lang='lat' dir='ltr'><strong>trat</strong></span> <span class='ocrx_word' id='word_1_278' title='bbox 452 3264 543 3320; x_wconf 77' lang='lat' dir='ltr'><strong>die</strong></span> <span class='ocrx_word' id='word_1_279' title='bbox 593 3264 967 3335; x_wconf 81' lang='lat' dir='ltr'><strong>geschildertc</strong></span> <span class='ocrx_word' id='word_1_280' title='bbox 1012 3264 1409 3334; x_wconf 85' lang='lat' dir='ltr'><strong>Hungersnoth</strong></span> 
     </span>
    </p>
   </div>
   <div class='ocr_carea' id='block_1_22' title="bbox 282 3335 1404 3406">
    <p class='ocr_par' dir='ltr' id='par_1_22' title="bbox 282 3335 1404 3406">
     <span class='ocr_line' id='line_1_38' title="bbox 282 3335 1404 3406; baseline -0.001 -15"><span class='ocrx_word' id='word_1_281' title='bbox 282 3336 551 3391; x_wconf 70' lang='lat' dir='ltr'><strong>wahrend</strong></span> <span class='ocrx_word' id='word_1_282' title='bbox 605 3336 702 3392; x_wconf 87' lang='lat' dir='ltr'><strong>des</strong></span> <span class='ocrx_word' id='word_1_283' title='bbox 756 3335 1211 3406; x_wconf 74' lang='lat' dir='ltr'><strong>seohzigtagigen</strong></span> <span class='ocrx_word' id='word_1_284' title='bbox 1259 3336 1404 3390; x_wconf 78' lang='lat' dir='ltr'><strong>Mar-</strong></span> 
     </span>
    </p>
   </div>
   <div class='ocr_carea' id='block_1_23' title="bbox 279 3405 1405 4398">
    <p class='ocr_par' dir='ltr' id='par_1_23' title="bbox 279 3405 1405 3819">
     <span class='ocr_line' id='line_1_39' title="bbox 284 3405 1403 3477; baseline 0.002 -17"><span class='ocrx_word' id='word_1_285' title='bbox 284 3407 444 3461; x_wconf 86' lang='lat' dir='ltr'><strong>sches</strong></span> <span class='ocrx_word' id='word_1_286' title='bbox 471 3406 685 3462; x_wconf 86' lang='lat' dir='ltr'><strong>durch</strong></span> <span class='ocrx_word' id='word_1_287' title='bbox 712 3405 979 3462; x_wconf 81' lang='lat' dir='ltr'><strong>Gedrosia</strong></span> <span class='ocrx_word' id='word_1_288' title='bbox 1006 3408 1099 3477; x_wconf 82' lang='lat'><em>(===</em></span> <span class='ocrx_word' id='word_1_289' title='bbox 1118 3405 1403 3476; x_wconf 84' lang='lat' dir='ltr'><strong>Gedrosia,</strong></span> 
     </span>
     <span class='ocr_line' id='line_1_40' title="bbox 279 3476 1403 3546; baseline -0.001 -15"><span class='ocrx_word' id='word_1_290' title='bbox 279 3476 423 3546; x_wconf 80' lang='lat' dir='ltr'><strong>jetzt</strong></span> <span class='ocrx_word' id='word_1_291' title='bbox 458 3480 605 3532; x_wconf 82' lang='lat' dir='ltr'><strong>etwa</strong></span> <span class='ocrx_word' id='word_1_292' title='bbox 630 3477 1079 3544; x_wconf 85' lang='lat' dir='ltr'><strong>Beludschistan)</strong></span> <span class='ocrx_word' id='word_1_293' title='bbox 1108 3477 1215 3531; x_wconf 87' lang='lat' dir='ltr'><strong>ein.</strong></span> <span class='ocrx_word' id='word_1_294' title='bbox 1266 3476 1403 3533; x_wconf 91' lang='lat' dir='ltr'><strong>Ver-</strong></span> 
     </span>
     <span class='ocr_line' id='line_1_41' title="bbox 286 3545 1403 3605; baseline 0.003 -5"><span class='ocrx_word' id='word_1_295' title='bbox 286 3545 566 3602; x_wconf 85' lang='lat' dir='ltr'><strong>muthlich</strong></span> <span class='ocrx_word' id='word_1_296' title='bbox 623 3549 889 3604; x_wconf 86' lang='lat' dir='ltr'><strong>rechnete</strong></span> <span class='ocrx_word' id='word_1_297' title='bbox 946 3547 1001 3605; x_wconf 90' lang='lat' dir='ltr'><strong>C.</strong></span> <span class='ocrx_word' id='word_1_298' title='bbox 1060 3547 1151 3602; x_wconf 89' lang='lat' dir='ltr'><strong>die</strong></span> <span class='ocrx_word' id='word_1_299' title='bbox 1204 3549 1403 3604; x_wconf 72' lang='lat' dir='ltr'><strong>Wfiste</strong></span> 
     </span>
     <span class='ocr_line' id='line_1_42' title="bbox 284 3616 1405 3688; baseline 0.003 -17"><span class='ocrx_word' id='word_1_300' title='bbox 284 3633 391 3688; x_wconf 85' lang='lat' dir='ltr'><strong>gar</strong></span> <span class='ocrx_word' id='word_1_301' title='bbox 438 3616 598 3673; x_wconf 84' lang='lat' dir='ltr'><strong>nicht</strong></span> <span class='ocrx_word' id='word_1_302' title='bbox 648 3618 755 3674; x_wconf 84' lang='lat' dir='ltr'><strong>mit</strong></span> <span class='ocrx_word' id='word_1_303' title='bbox 800 3638 869 3674; x_wconf 77' lang='lat' dir='ltr'><strong>zu</strong></span> <span class='ocrx_word' id='word_1_304' title='bbox 914 3617 1194 3675; x_wconf 80' lang='lat' dir='ltr'><strong>Gedrosia.</strong></span> <span class='ocrx_word' id='word_1_305' title='bbox 1277 3619 1405 3674; x_wconf 85' lang='lat' dir='ltr'><strong>Von</strong></span> 
     </span>
     <span class='ocr_line' id='line_1_43' title="bbox 287 3687 1401 3761; baseline 0.004 -20"><span class='ocrx_word' id='word_1_306' title='bbox 287 3687 552 3743; x_wconf 79' lang='lat' dir='ltr'><strong>esebaren</strong></span> <span class='ocrx_word' id='word_1_307' title='bbox 584 3690 797 3745; x_wconf 80' lang='lat' dir='ltr'><strong>radices</strong></span> <span class='ocrx_word' id='word_1_308' title='bbox 828 3691 1149 3761; x_wconf 72' lang='lat' dir='ltr'><strong>palmarum</strong></span> <span class='ocrx_word' id='word_1_309' title='bbox 1183 3691 1401 3760; x_wconf 85' lang='lat' dir='ltr'><strong>spricht</strong></span> 
     </span>
     <span class='ocr_line' id='line_1_44' title="bbox 284 3757 1087 3819; baseline 0.002 -5"><span class='ocrx_word' id='word_1_310' title='bbox 284 3759 434 3814; x_wconf 85' lang='lat' dir='ltr'><strong>auch</strong></span> <span class='ocrx_word' id='word_1_311' title='bbox 472 3757 584 3814; x_wconf 86' lang='lat' dir='ltr'><strong>Cic.</strong></span> <span class='ocrx_word' id='word_1_312' title='bbox 620 3760 682 3813; x_wconf 86' lang='lat' dir='ltr'><strong>in</strong></span> <span class='ocrx_word' id='word_1_313' title='bbox 717 3761 873 3816; x_wconf 89' lang='lat' dir='ltr'><strong>Verr.</strong></span> <span class='ocrx_word' id='word_1_314' title='bbox 914 3767 963 3819; x_wconf 78' lang='lat'><strong>5.</strong></span> <span class='ocrx_word' id='word_1_315' title='bbox 1002 3765 1087 3817; x_wconf 80' lang='grc'><strong>87.</strong></span> 
     </span>
    </p>

    <p class='ocr_par' dir='ltr' id='par_1_24' title="bbox 360 3831 1396 3899">
     <span class='ocr_line' id='line_1_45' title="bbox 360 3831 1396 3899; baseline 0.003 -16"><span class='ocrx_word' id='word_1_316' title='bbox 360 3834 443 3886; x_wconf 87' lang='lat'><strong>12.</strong></span> <span class='ocrx_word' id='word_1_317' title='bbox 480 3831 705 3899; x_wconf 78' lang='lat' dir='ltr'><strong>spolia</strong></span> <span class='ocrx_word' id='word_1_318' title='bbox 745 3833 819 3887; x_wconf 82' lang='lat' dir='ltr'><strong>de</strong></span> <span class='ocrx_word' id='word_1_319' title='bbox 861 3833 1168 3888; x_wconf 76' lang='lat' dir='ltr'><strong>hostibus</strong></span> <span class='ocrx_word' id='word_1_320' title='bbox 1202 3833 1311 3888; x_wconf 79' lang='lat' dir='ltr'><strong>wie</strong></span> <span class='ocrx_word' id='word_1_321' title='bbox 1347 3838 1396 3887; x_wconf 90' lang='lat'><strong>8.</strong></span> 
     </span>
    </p>

    <p class='ocr_par' dir='ltr' id='par_1_25' title="bbox 283 3973 1403 4188">
     <span class='ocr_line' id='line_1_46' title="bbox 359 3973 1400 4045; baseline 0.003 -18"><span class='ocrx_word' id='word_1_322' title='bbox 359 3977 440 4028; x_wconf 82' lang='lat'><strong>13.</strong></span> <span class='ocrx_word' id='word_1_323' title='bbox 496 3973 676 4041; x_wconf 73' lang='lat' dir='ltr'><strong>novi,</strong></span> <span class='ocrx_word' id='word_1_324' title='bbox 739 3973 946 4033; x_wconf 72' lang='lat' dir='ltr'><strong>ubera:</strong></span> <span class='ocrx_word' id='word_1_325' title='bbox 1014 3974 1129 4030; x_wconf 87' lang='lat' dir='ltr'><strong>‘die</strong></span> <span class='ocrx_word' id='word_1_326' title='bbox 1192 3990 1400 4045; x_wconf 85' lang='lat' dir='ltr'><strong>unge-</strong></span> 
     </span>
     <span class='ocr_line' id='line_1_47' title="bbox 283 4043 1403 4116; baseline 0.005 -20"><span class='ocrx_word' id='word_1_327' title='bbox 283 4043 657 4113; x_wconf 78' lang='lat' dir='ltr'><strong>wohnten&#39;3</strong></span> <span class='ocrx_word' id='word_1_328' title='bbox 700 4062 765 4099; x_wconf 82' lang='lat' dir='ltr'><strong>zu</strong></span> <span class='ocrx_word' id='word_1_329' title='bbox 801 4047 1158 4116; x_wconf 66' lang='lat' dir='ltr'><strong>vulgaverant</strong></span> <span class='ocrx_word' id='word_1_330' title='bbox 1191 4047 1403 4103; x_wconf 82' lang='lat' dir='ltr'><strong>morbos</strong></span> 
     </span>
     <span class='ocr_line' id='line_1_48' title="bbox 283 4113 1399 4188; baseline 0.005 -22"><span class='ocrx_word' id='word_1_331' title='bbox 283 4113 397 4182; x_wconf 84' lang='lat' dir='ltr'><strong>vgl.</strong></span> <span class='ocrx_word' id='word_1_332' title='bbox 419 4119 469 4171; x_wconf 80' lang='grc'><strong>5.</strong></span> <span class='ocrx_word' id='word_1_333' title='bbox 495 4121 539 4169; x_wconf 90' lang='grc'><strong>1.</strong></span> <span class='ocrx_word' id='word_1_334' title='bbox 575 4121 637 4169; x_wconf 88' lang='grc'><strong>11</strong></span> <span class='ocrx_word' id='word_1_335' title='bbox 668 4117 881 4172; x_wconf 81' lang='lat' dir='ltr'><strong>morbos</strong></span> <span class='ocrx_word' id='word_1_336' title='bbox 906 4118 1041 4172; x_wconf 78' lang='lat' dir='ltr'><strong>odor</strong></span> <span class='ocrx_word' id='word_1_337' title='bbox 1066 4119 1399 4188; x_wconf 74' lang='lat' dir='ltr'><strong>vulqaverat.</strong></span> 
     </span>
    </p>

    <p class='ocr_par' dir='ltr' id='par_1_26' title="bbox 284 4187 1403 4398">
     <span class='ocr_line' id='line_1_49' title="bbox 359 4187 1402 4258; baseline 0.005 -21"><span class='ocrx_word' id='word_1_338' title='bbox 359 4190 439 4241; x_wconf 86' lang='grc'><strong>14.</strong></span> <span class='ocrx_word' id='word_1_339' title='bbox 476 4187 873 4253; x_wconf 77' lang='lat' dir='ltr'><strong>festinando</strong></span> <span class='ocrx_word' id='word_1_340' title='bbox 909 4191 1402 4258; x_wconf 76' lang='lat' dir='ltr'><strong>praeciperent.</strong></span> 
     </span>
     <span class='ocr_line' id='line_1_50' title="bbox 284 4253 1403 4333; baseline 0.005 -25"><span class='ocrx_word' id='word_1_341' title='bbox 284 4253 426 4333; x_wconf 63' lang='lat' dir='ltr'><strong>pem</strong></span> <span class='ocrx_word' id='word_1_342' title='bbox 454 4256 760 4312; x_wconf 80' lang='lat' dir='ltr'><strong>Gedanken</strong></span> <span class='ocrx_word' id='word_1_343' title='bbox 786 4259 901 4313; x_wconf 86' lang='lat' dir='ltr'><strong>und</strong></span> <span class='ocrx_word' id='word_1_344' title='bbox 926 4259 1221 4315; x_wconf 83' lang='lat' dir='ltr'><strong>Ausdruck</strong></span> <span class='ocrx_word' id='word_1_345' title='bbox 1256 4259 1403 4315; x_wconf 87' lang='lat' dir='ltr'><strong>nach</strong></span> 
     </span>
     <span class='ocr_line' id='line_1_51' title="bbox 284 4324 1120 4398; baseline 0.01 -22"><span class='ocrx_word' id='word_1_346' title='bbox 284 4324 362 4378; x_wconf 76' lang='lat' dir='ltr'><strong>ist</strong></span> <span class='ocrx_word' id='word_1_347' title='bbox 396 4343 463 4380; x_wconf 73' lang='lat' dir='ltr'><strong>zu</strong></span> <span class='ocrx_word' id='word_1_348' title='bbox 498 4329 855 4398; x_wconf 85' lang='lat' dir='ltr'><strong>vergleichen</strong></span> <span class='ocrx_word' id='word_1_349' title='bbox 892 4335 944 4386; x_wconf 86' lang='lat'><strong>4.</strong></span> <span class='ocrx_word' id='word_1_350' title='bbox 985 4336 1032 4385; x_wconf 86' lang='lat'><strong>1.</strong></span> <span class='ocrx_word' id='word_1_351' title='bbox 1071 4337 1120 4384; x_wconf 89' lang='grc'><strong>3.</strong></span> 
     </span>
    </p>
   </div>
   <div class='ocr_carea' id='block_1_24' title="bbox 1512 2911 2631 3334">
    <p class='ocr_par' dir='ltr' id='par_1_27' title="bbox 1512 2911 2631 3334">
     <span class='ocr_line' id='line_1_52' title="bbox 1586 2911 2629 2982; baseline 0.001 -17"><span class='ocrx_word' id='word_1_352' title='bbox 1586 2917 1668 2967; x_wconf 85' lang='grc'><strong>15.</strong></span> <span class='ocrx_word' id='word_1_353' title='bbox 1689 2913 2040 2981; x_wconf 76' lang='lat' dir='ltr'><strong>portabat,</strong></span> <span class='ocrx_word' id='word_1_354' title='bbox 2071 2913 2176 2968; x_wconf 80' lang='lat' dir='ltr'><strong>‘er</strong></span> <span class='ocrx_word' id='word_1_355' title='bbox 2213 2911 2629 2982; x_wconf 84' lang='lat' dir='ltr'><strong>schleppte&#39;,</strong></span> 
     </span>
     <span class='ocr_line' id='line_1_53' title="bbox 1512 2983 2628 3054; baseline 0.002 -18"><span class='ocrx_word' id='word_1_356' title='bbox 1512 2983 1732 3038; x_wconf 73' lang='lat' dir='ltr'><strong>starker</strong></span> <span class='ocrx_word' id='word_1_357' title='bbox 1775 2983 1860 3038; x_wconf 84' lang='lat' dir='ltr'><strong>als</strong></span> <span class='ocrx_word' id='word_1_358' title='bbox 1903 2983 2164 3054; x_wconf 73' lang='lat' dir='ltr'><strong>yestabat.</strong></span> <span class='ocrx_word' id='word_1_359' title='bbox 2212 3015 2280 3025; x_wconf 91' lang='lat'>-</span> <span class='ocrx_word' id='word_1_360' title='bbox 2327 2989 2386 3038; x_wconf 80' lang='lat' dir='ltr'><strong>et</strong></span> <span class='ocrx_word' id='word_1_361' title='bbox 2429 2985 2628 3052; x_wconf 78' lang='lat' dir='ltr'><strong>ipsis,</strong></span> 
     </span>
     <span class='ocr_line' id='line_1_54' title="bbox 1512 3049 2630 3110; baseline 0.001 -4"><span class='ocrx_word' id='word_1_362' title='bbox 1512 3049 1659 3108; x_wconf 75' lang='grc' dir='ltr'><strong>κατὰ</strong></span> <span class='ocrx_word' id='word_1_363' title='bbox 1723 3050 1951 3109; x_wconf 75' lang='grc' dir='ltr'><strong><em>σύνεσιν</em></strong></span> <span class='ocrx_word' id='word_1_364' title='bbox 2014 3055 2116 3110; x_wconf 80' lang='lat' dir='ltr'><strong>auf</strong></span> <span class='ocrx_word' id='word_1_365' title='bbox 2183 3055 2282 3110; x_wconf 83' lang='lat' dir='ltr'><strong>das</strong></span> <span class='ocrx_word' id='word_1_366' title='bbox 2347 3053 2630 3110; x_wconf 84' lang='lat' dir='ltr'><strong>Collektiv</strong></span> 
     </span>
     <span class='ocr_line' id='line_1_55' title="bbox 1512 3123 2626 3196; baseline 0.001 -18"><span class='ocrx_word' id='word_1_367' title='bbox 1512 3123 1665 3180; x_wconf 68' lang='lat' dir='ltr'><strong>miles</strong></span> <span class='ocrx_word' id='word_1_368' title='bbox 1708 3125 1978 3196; x_wconf 69' lang='lat' dir='ltr'><strong>bezogem</strong></span> <span class='ocrx_word' id='word_1_369' title='bbox 2031 3127 2202 3193; x_wconf 77' lang='lat' dir='ltr'><strong>facies</strong></span> <span class='ocrx_word' id='word_1_370' title='bbox 2246 3127 2382 3182; x_wconf 82' lang='lat' dir='ltr'><strong>mali</strong></span> <span class='ocrx_word' id='word_1_371' title='bbox 2423 3125 2532 3180; x_wconf 80' lang='lat' dir='ltr'><strong>wie</strong></span> <span class='ocrx_word' id='word_1_372' title='bbox 2579 3132 2626 3180; x_wconf 85' lang='lat'><strong>3.</strong></span> 
     </span>
     <span class='ocr_line' id='line_1_56' title="bbox 1518 3197 2631 3253; baseline 0.001 -4"><span class='ocrx_word' id='word_1_373' title='bbox 1518 3201 1600 3250; x_wconf 90' lang='lat'><strong>11.</strong></span> <span class='ocrx_word' id='word_1_374' title='bbox 1657 3201 1740 3250; x_wconf 89' lang='lat'><strong>22.</strong></span> <span class='ocrx_word' id='word_1_375' title='bbox 1791 3226 1858 3236; x_wconf 93' lang='grc'><strong>-</strong></span> <span class='ocrx_word' id='word_1_376' title='bbox 1908 3198 2352 3252; x_wconf 74' lang='lat' dir='ltr'><strong>sustinebant.</strong></span> <span class='ocrx_word' id='word_1_377' title='bbox 2443 3197 2631 3253; x_wconf 89' lang='lat' dir='ltr'><strong>Ueber</strong></span> 
     </span>
     <span class='ocr_line' id='line_1_57' title="bbox 1514 3266 2268 3334; baseline 0.004 -14"><span class='ocrx_word' id='word_1_378' title='bbox 1514 3266 1625 3322; x_wconf 83' lang='lat' dir='ltr'><strong>den</strong></span> <span class='ocrx_word' id='word_1_379' title='bbox 1660 3267 1814 3322; x_wconf 87' lang='lat' dir='ltr'><strong>infin.</strong></span> <span class='ocrx_word' id='word_1_380' title='bbox 1853 3285 1893 3322; x_wconf 91' lang='lat' dir='ltr'><strong>s.</strong></span> <span class='ocrx_word' id='word_1_381' title='bbox 1930 3267 2077 3325; x_wconf 88' lang='lat' dir='ltr'><strong>Einl.</strong></span> <span class='ocrx_word' id='word_1_382' title='bbox 2114 3273 2145 3334; x_wconf 64' lang='grc' dir='ltr'>ἕ</span> <span class='ocrx_word' id='word_1_383' title='bbox 2182 3275 2268 3323; x_wconf 87' lang='grc'><strong>34.</strong></span> 
     </span>
    </p>
   </div>
   <div class='ocr_carea' id='block_1_25' title="bbox 1511 3341 2631 3578">
    <p class='ocr_par' dir='ltr' id='par_1_28' title="bbox 1511 3341 2631 3578">
     <span class='ocr_line' id='line_1_58' title="bbox 1587 3341 2630 3436; baseline 0.001 -18"><span class='ocrx_word' id='word_1_384' title='bbox 1587 3370 1669 3420; x_wconf 85' lang='grc'><strong>16.</strong></span> <span class='ocrx_word' id='word_1_385' title='bbox 1715 3366 2129 3436; x_wconf 73' lang='lat' dir='ltr'><strong>fatiyarent;</strong></span> <span class='ocrx_word' id='word_1_386' title='bbox 2177 3366 2286 3436; x_wconf 85' lang='lat' dir='ltr'><strong>vgl.</strong></span> <span class='ocrx_word' id='word_1_387' title='bbox 2335 3370 2384 3421; x_wconf 87' lang='grc'><strong>8.</strong></span> <span class='ocrx_word' id='word_1_388' title='bbox 2434 3371 2516 3420; x_wconf 87' lang='grc'><strong>13.</strong></span> <span class='ocrx_word' id='word_1_389' title='bbox 2565 3341 2630 3420; x_wconf 82' lang='grc'><strong>10</strong></span> 
     </span>
     <span class='ocr_line' id='line_1_59' title="bbox 1511 3436 2628 3506; baseline 0.002 -16"><span class='ocrx_word' id='word_1_390' title='bbox 1511 3451 1674 3490; x_wconf 82' lang='lat' dir='ltr'><strong>awres</strong></span> <span class='ocrx_word' id='word_1_391' title='bbox 1707 3436 2052 3506; x_wconf 74' lang='lat' dir='ltr'><strong>fatiqabant;</strong></span> <span class='ocrx_word' id='word_1_392' title='bbox 2087 3456 2156 3492; x_wconf 80' lang='lat' dir='ltr'><strong>zu</strong></span> <span class='ocrx_word' id='word_1_393' title='bbox 2189 3440 2390 3492; x_wconf 82' lang='lat' dir='ltr'><strong>surdas</strong></span> <span class='ocrx_word' id='word_1_394' title='bbox 2426 3436 2538 3506; x_wconf 85' lang='lat' dir='ltr'><strong>vgl.</strong></span> <span class='ocrx_word' id='word_1_395' title='bbox 2577 3441 2628 3492; x_wconf 83' lang='grc'><strong>9.</strong></span> 
     </span>
     <span class='ocr_line' id='line_1_60' title="bbox 1512 3508 2631 3578; baseline 0.002 -18"><span class='ocrx_word' id='word_1_396' title='bbox 1512 3511 1562 3562; x_wconf 86' lang='lat'><strong>2.</strong></span> <span class='ocrx_word' id='word_1_397' title='bbox 1619 3511 1688 3562; x_wconf 89' lang='grc'><strong>30</strong></span> <span class='ocrx_word' id='word_1_398' title='bbox 1741 3509 1942 3563; x_wconf 67' lang='lat' dir='ltr'><strong>mordas</strong></span> <span class='ocrx_word' id='word_1_399' title='bbox 1995 3525 2156 3563; x_wconf 81' lang='lat' dir='ltr'><strong>aures</strong></span> <span class='ocrx_word' id='word_1_400' title='bbox 2199 3511 2381 3578; x_wconf 73' lang='lat' dir='ltr'><strong>pulso.</strong></span> <span class='ocrx_word' id='word_1_401' title='bbox 2434 3537 2501 3546; x_wconf 89' lang='lat'><strong>—-</strong></span> <span class='ocrx_word' id='word_1_402' title='bbox 2557 3508 2631 3562; x_wconf 76' lang='lat' dir='ltr'><strong>iu</strong></span> 
     </span>
    </p>
   </div>
   <div class='ocr_carea' id='block_1_26' title="bbox 1508 3577 2626 3704">
    <p class='ocr_par' dir='ltr' id='par_1_29' title="bbox 1508 3577 2626 3704">
     <span class='ocr_line' id='line_1_61' title="bbox 1508 3577 2626 3704; baseline -0.001 -72"><span class='ocrx_word' id='word_1_403' title='bbox 1508 3577 1763 3704; x_wconf 54' lang='grc' dir='ltr'><strong>ἒαῑὲἱεέἒι</strong></span> <span class='ocrx_word' id='word_1_404' title='bbox 1797 3580 1970 3648; x_wconf 80' lang='lat' dir='ltr'><strong>desp.</strong></span> <span class='ocrx_word' id='word_1_405' title='bbox 2008 3595 2200 3636; x_wconf 80' lang='lat' dir='ltr'><strong>versa</strong></span> <span class='ocrx_word' id='word_1_406' title='bbox 2235 3580 2340 3635; x_wconf 82' lang='lat' dir='ltr'><strong>wie</strong></span> <span class='ocrx_word' id='word_1_407' title='bbox 2370 3584 2421 3633; x_wconf 83' lang='lat'><strong>4.</strong></span> <span class='ocrx_word' id='word_1_408' title='bbox 2452 3584 2500 3633; x_wconf 82' lang='lat'><strong>6.</strong></span> <span class='ocrx_word' id='word_1_409' title='bbox 2531 3583 2626 3645; x_wconf 79' lang='lat'><strong>293</strong></span> 
     </span>
    </p>
   </div>
   <div class='ocr_carea' id='block_1_27' title="bbox 1508 3747 2633 4029">
    <p class='ocr_par' dir='ltr' id='par_1_30' title="bbox 1508 3747 2633 4029">
     <span class='ocr_line' id='line_1_62' title="bbox 1588 3747 2633 3816; baseline 0 -16"><span class='ocrx_word' id='word_1_410' title='bbox 1588 3752 1668 3802; x_wconf 81' lang='grc'><strong>17.</strong></span> <span class='ocrx_word' id='word_1_411' title='bbox 1715 3748 1877 3816; x_wconf 76' lang='lat' dir='ltr'><strong>quia</strong></span> <span class='ocrx_word' id='word_1_412' title='bbox 1914 3789 1928 3804; x_wconf 93' lang='lat'><strong>.</strong></span> <span class='ocrx_word' id='word_1_413' title='bbox 1967 3791 1980 3802; x_wconf 92' lang='lat'><strong>.</strong></span> <span class='ocrx_word' id='word_1_414' title='bbox 2017 3753 2215 3814; x_wconf 80' lang='lat' dir='ltr'><strong>esset,</strong></span> <span class='ocrx_word' id='word_1_415' title='bbox 2257 3747 2633 3816; x_wconf 73' lang='lat' dir='ltr'><strong>Erlauterung</strong></span> 
     </span>
     <span class='ocr_line' id='line_1_63' title="bbox 1510 3816 2627 3886; baseline 0 -16"><span class='ocrx_word' id='word_1_416' title='bbox 1510 3835 1576 3870; x_wconf 84' lang='lat' dir='ltr'><strong>zu</strong></span> <span class='ocrx_word' id='word_1_417' title='bbox 1608 3817 1793 3886; x_wconf 77' lang='lat' dir='ltr'><strong>pudor</strong></span> <span class='ocrx_word' id='word_1_418' title='bbox 1820 3835 1922 3874; x_wconf 89' lang='lat' dir='ltr'><strong>aus</strong></span> <span class='ocrx_word' id='word_1_419' title='bbox 1950 3819 2049 3874; x_wconf 85' lang='lat' dir='ltr'><strong>der</strong></span> <span class='ocrx_word' id='word_1_420' title='bbox 2077 3818 2237 3874; x_wconf 87' lang='lat' dir='ltr'><strong>Seele</strong></span> <span class='ocrx_word' id='word_1_421' title='bbox 2265 3816 2627 3884; x_wconf 86' lang='lat' dir='ltr'><strong>Alexanders,</strong></span> 
     </span>
     <span class='ocr_line' id='line_1_64' title="bbox 1509 3888 2628 3960; baseline 0 -18"><span class='ocrx_word' id='word_1_422' title='bbox 1509 3888 1686 3943; x_wconf 86' lang='lat' dir='ltr'><strong>daher</strong></span> <span class='ocrx_word' id='word_1_423' title='bbox 1739 3889 1838 3944; x_wconf 88' lang='lat' dir='ltr'><strong>der</strong></span> <span class='ocrx_word' id='word_1_424' title='bbox 1894 3888 2248 3960; x_wconf 82' lang='lat' dir='ltr'><strong>Conjunktiv.</strong></span> <span class='ocrx_word' id='word_1_425' title='bbox 2295 3921 2361 3930; x_wconf 89' lang='lat'><em>—</em></span> <span class='ocrx_word' id='word_1_426' title='bbox 2412 3888 2628 3943; x_wconf 80' lang='lat' dir='ltr'><strong>Phra·</strong></span> 
     </span>
     <span class='ocr_line' id='line_1_65' title="bbox 1508 3961 2628 4029; baseline -0.001 -16"><span class='ocrx_word' id='word_1_427' title='bbox 1508 3961 1980 4029; x_wconf 75' lang='lat' dir='ltr'><strong>tapherneu,</strong></span> <span class='ocrx_word' id='word_1_428' title='bbox 2053 3979 2096 4017; x_wconf 86' lang='lat' dir='ltr'><strong>s.</strong></span> <span class='ocrx_word' id='word_1_429' title='bbox 2162 3967 2212 4016; x_wconf 80' lang='lat'><strong>6.</strong></span> <span class='ocrx_word' id='word_1_430' title='bbox 2282 3965 2334 4018; x_wconf 87' lang='grc'><strong>4.</strong></span> <span class='ocrx_word' id='word_1_431' title='bbox 2406 3965 2505 4026; x_wconf 76' lang='lat'><strong>233</strong></span> <span class='ocrx_word' id='word_1_432' title='bbox 2575 3963 2628 4013; x_wconf 89' lang='lat'><strong>8.</strong></span> 
     </span>
    </p>
   </div>
   <div class='ocr_carea' id='block_1_28' title="bbox 1510 4119 2631 4403">
    <p class='ocr_par' dir='ltr' id='par_1_31' title="bbox 1510 4119 2631 4403">
     <span class='ocr_line' id='line_1_66' title="bbox 1587 4119 2627 4188; baseline 0.001 -16"><span class='ocrx_word' id='word_1_433' title='bbox 1587 4123 1670 4175; x_wconf 90' lang='grc'><strong>18.</strong></span> <span class='ocrx_word' id='word_1_434' title='bbox 1699 4120 2053 4176; x_wconf 77' lang='lat' dir='ltr'><strong>dumtaxat</strong></span> <span class='ocrx_word' id='word_1_435' title='bbox 2079 4121 2156 4174; x_wconf 85' lang='lat' dir='ltr'><strong>ist</strong></span> <span class='ocrx_word' id='word_1_436' title='bbox 2182 4120 2391 4175; x_wconf 84' lang='lat' dir='ltr'><strong>hier=</strong></span> <span class='ocrx_word' id='word_1_437' title='bbox 2419 4119 2627 4188; x_wconf 80' lang='lat' dir='ltr'><strong>saltem,</strong></span> 
     </span>
     <span class='ocr_line' id='line_1_67' title="bbox 1510 4189 2626 4246; baseline 0 -2"><span class='ocrx_word' id='word_1_438' title='bbox 1510 4195 1663 4245; x_wconf 82' lang='lat' dir='ltr'><strong>certe.</strong></span> <span class='ocrx_word' id='word_1_439' title='bbox 1774 4191 1936 4246; x_wconf 89' lang='lat' dir='ltr'><strong>Nach</strong></span> <span class='ocrx_word' id='word_1_440' title='bbox 2006 4191 2208 4246; x_wconf 80' lang='lat' dir='ltr'><strong>Arrian</strong></span> <span class='ocrx_word' id='word_1_441' title='bbox 2289 4189 2452 4246; x_wconf 70' lang='lat' dir='ltr'><strong>horte</strong></span> <span class='ocrx_word' id='word_1_442' title='bbox 2535 4190 2626 4244; x_wconf 86' lang='lat' dir='ltr'><strong>die</strong></span> 
     </span>
     <span class='ocr_line' id='line_1_68' title="bbox 1510 4260 2628 4330; baseline 0.002 -16"><span class='ocrx_word' id='word_1_443' title='bbox 1510 4260 1910 4330; x_wconf 87' lang='lat' dir='ltr'><strong>Hungersnoth</strong></span> <span class='ocrx_word' id='word_1_444' title='bbox 1973 4263 2088 4317; x_wconf 86' lang='lat' dir='ltr'><strong>erst</strong></span> <span class='ocrx_word' id='word_1_445' title='bbox 2159 4261 2217 4317; x_wconf 90' lang='lat' dir='ltr'><strong>in</strong></span> <span class='ocrx_word' id='word_1_446' title='bbox 2280 4260 2454 4330; x_wconf 87' lang='lat' dir='ltr'><strong>Pura,</strong></span> <span class='ocrx_word' id='word_1_447' title='bbox 2529 4260 2628 4316; x_wconf 87' lang='lat' dir='ltr'><strong>der</strong></span> 
     </span>
     <span class='ocr_line' id='line_1_69' title="bbox 1510 4330 2631 4403; baseline 0.004 -18"><span class='ocrx_word' id='word_1_448' title='bbox 1510 4331 1859 4402; x_wconf 86' lang='lat' dir='ltr'><strong>Hanptstadt</strong></span> <span class='ocrx_word' id='word_1_449' title='bbox 1903 4349 2014 4389; x_wconf 89' lang='lat' dir='ltr'><strong>von</strong></span> <span class='ocrx_word' id='word_1_450' title='bbox 2060 4331 2348 4403; x_wconf 83' lang='lat' dir='ltr'><strong>Gedrosia,</strong></span> <span class='ocrx_word' id='word_1_451' title='bbox 2400 4330 2512 4390; x_wconf 85' lang='lat' dir='ltr'><strong>auf.</strong></span> <span class='ocrx_word' id='word_1_452' title='bbox 2561 4364 2631 4373; x_wconf 88' lang='lat'><em>-</em></span> 
     </span>
    </p>
   </div>
   <div class='ocr_carea' id='block_1_29' title="bbox 2669 1218 2734 1267">
    <p class='ocr_par' dir='ltr' id='par_1_32' title="bbox 2669 1218 2734 1267">
     <span class='ocr_line' id='line_1_70' title="bbox 2669 1218 2734 1267; baseline 0 0"><span class='ocrx_word' id='word_1_453' title='bbox 2669 1218 2734 1267; x_wconf 85' lang='lat'><strong>14</strong></span> 
     </span>
    </p>
   </div>
   <div class='ocr_carea' id='block_1_30' title="bbox 2670 2734 2734 2784">
    <p class='ocr_par' dir='ltr' id='par_1_33' title="bbox 2670 2734 2734 2784">
     <span class='ocr_line' id='line_1_71' title="bbox 2670 2734 2734 2784; baseline 0.031 -2"><span class='ocrx_word' id='word_1_454' title='bbox 2670 2734 2734 2784; x_wconf 86' lang='lat'><strong>18</strong></span> 
     </span>
    </p>
   </div>
  </div>
 </body>
</html>
