3069 4749
256 602 269 639 ,ι’

246 644 260 691 li

236 722 241 735 r

218 790 223 809 Ι

430 186 515 251 98
1337 190 1401 251 Q.
1427 188 1661 239 cum-1
1695 188 1870 240 num

430 371 619 414 curru
668 349 961 414 sublimis
1010 348 1351 433 eminebat,
1399 352 1465 413 et
1502 348 1638 413 suis
1677 348 1757 413 ad
1797 371 1866 413 se
1902 349 2214 413 tuendum
2253 353 2318 413 et
2351 350 2656 416 hostibus
2695 352 2778 417 ad

358 456 392 505 8
429 437 881 503 incessendum
924 438 1157 521 ingens
1200 436 1754 517 incitamentumsd
1791 436 1972 522 Ergo
2018 437 2222 503 frater
2257 438 2395 504 eius
2433 438 2780 521 Oxathres,

284 529 289 537 '
430 549 576 592 cum
622 526 1067 607 Alexandrum
1112 526 1361 591 instare
1406 526 1468 591 ei
1514 529 1822 611 cerneret,
1871 526 2138 611 equites,
2186 527 2420 611 quibus
2457 536 2780 613 praeerat,
2886 549 2893 556 ·

432 619 581 681 ante
628 616 845 700 ipsum
900 636 1159 679 currum
1218 615 1395 699 regis
1450 613 1706 681 obiecit.
1796 614 2016 680 Armis
2073 618 2140 679 et
2191 616 2426 681 robore
2481 618 2780 701 corporis

430 706 711 769 multum
757 724 953 788 super
997 706 1245 768 ceteros
1292 703 1606 785 eminens,
1651 703 1870 769 animo
1917 725 2071 768 vero
2119 705 2186 767 et
2228 704 2476 787 pietate
2513 706 2584 770 in
2617 726 2777 789 pau-

432 794 739 875 cissimis,
791 792 908 857 illo
966 792 1187 876 utique
1244 791 1491 875 proelio
1549 794 1792 876 clarus,
1847 792 2010 857 alios
2065 792 2402 876 inprovide
2455 794 2780 860 instantes

361 901 394 950 9
430 882 811 967 prostravit,
868 881 1030 947 alios
1082 881 1155 945 in
1208 879 1435 965 fugam
1489 881 1745 945 avertit.
1833 884 1924 945 At
1974 880 2386 966 Macedones,
2439 884 2550 964 quoi
2605 884 2783 949 circa

431 990 652 1054 regem
698 972 903 1053 erant,
948 972 1177 1037 mutua
1222 968 1680 1034 adhortatione
1722 970 1968 1035 firmati
2010 990 2160 1034 cum
2196 970 2342 1054 ipso
2377 971 2443 1035 in
2483 971 2776 1056 equitum

433 1079 671 1143 agmen
704 1058 1104 1142 inrumpunt.
1178 1057 1347 1123 Tum
1374 1078 1529 1122 vero
1559 1058 1794 1123 similis
1821 1058 2044 1123 ruinae
2081 1062 2336 1143 strages
2375 1063 2534 1137 erat.
2590 1058 2780 1125 Circa

433 1169 692 1215 currum
750 1146 951 1212 Darei
1007 1147 1313 1211 iacebant
1367 1146 1762 1213 nobilissimi
1819 1146 2041 1231 duceS,
2107 1151 2259 1211 ante
2319 1148 2544 1213 oculos
2601 1150 2779 1233 regis

434 1236 695 1321 egregia
741 1240 951 1301 morte
998 1236 1314 1318 defuncti,
1360 1256 1584 1300 omnes
1629 1236 1699 1301 in
1745 1257 1862 1301 ora
1905 1236 2126 1319 proni,
2181 1236 2350 1301 sicut
2395 1236 2780 1302 dimicantes

329 1344 397 1393 ιθ
434 1325 933 1408 procubuerant,
978 1324 1250 1390 adverso
1296 1346 1565 1408 corpore
1618 1324 1994 1389 vulneribus
2037 1326 2339 1409 acceptis.
2383 1326 2387 1331 ’
2428 1325 2609 1389 Inter
2654 1323 2779 1391 hos

433 1414 701 1498 Atizyes
740 1416 805 1477 et
831 1413 1287 1479 Rheomithres
1328 1416 1393 1477 et
1421 1410 1720 1495 Sabaces,
1753 1417 2014 1496 praetor
2041 1412 2351 1499 Aegypti,
2388 1434 2775 1498 magnorum

434 1502 830 1567 exercituum
876 1500 1217 1586 praefecti,
1274 1501 1799 1567 noscitabanturz
1853 1502 2026 1567 circa
2083 1523 2195 1567 eos
2253 1503 2598 1571 cumulata.
2634 1504 2783 1567 erat

431 1591 726 1674 peditum
764 1591 1184 1675 equitumque
1224 1589 1560 1655 obscurior
1601 1591 1814 1655 turba.
1887 1588 2316 1655 Macedonum
2354 1612 2606 1675 quoque
2642 1612 2780 1656 non

435 1679 697 1763 quidem
742 1679 953 1758 multi,
998 1679 1109 1745 sed
1154 1678 1628 1762 promptissimi
1670 1681 1894 1744 tamen
1939 1680 2111 1744 caesi
2158 1683 2327 1745 sunt.
2388 1678 2572 1743 Inter
2614 1701 2779 1763 quos

328 1788 391 1836 11
434 1768 783 1833 Alexandri
812 1768 1110 1835 dextrum
1136 1768 1350 1833 femur
1373 1767 1604 1833 leviter
1639 1790 1944 1833 mucrone
1979 1769 2396 1852 perstrictum
2434 1771 2551 1833 est.
2607 1768 2778 1843 Iam,-

433 1879 559 1941 que
604 1857 717 1945 qui
763 1856 1049 1921 Dareum
1096 1857 1423 1921 vehebant
1466 1857 1634 1942 equi,
1681 1856 1967 1937 confossi
2010 1856 2220 1921 hastis
2257 1859 2326 1921 et
2361 1856 2584 1923 dolore
2629 1856 2778 1921 effe-

430 1946 564 2010 rati
607 1946 833 2031 iugum
894 1950 1158 2029 quatere
1214 1948 1281 2011 et
1334 1966 1555 2031 regem
1611 1968 1804 2011 curru
1857 1949 2151 2011 excutere
2204 1949 2576 2030 coeperant:
2629 1967 2778 2011 cum

430 2033 545 2099 ille
590 2036 856 2117 verituS,
901 2056 985 2098 ne
1029 2036 1215 2100 vivus
1259 2035 1513 2099 veniret
1555 2034 1628 2099 in
1673 2034 1962 2100 hostium
2006 2037 2422 2119 potestatem,
2459 2031 2676 2099 desilit
2713 2038 2782 2099 et

430 2122 502 2187 in
547 2143 805 2207 equum,
853 2123 965 2207 qui
1012 2123 1091 2187 ad
1138 2123 1265 2188 hoc
1309 2123 1523 2207 ipsum
1574 2123 1982 2208 sequebatur,
2027 2123 2368 2207 inponitur
2410 2123 2778 2207 insignibus

329 2231 395 2279 12
434 2232 691 2295 quoque
738 2212 1013 2295 impern,
1056 2232 1140 2275 ne
1184 2210 1412 2295 fugam
1456 2212 1834 2296 proderent,
1878 2212 2178 2277 indecore
2233 2212 2520 2277 abiectis.
2611 2211 2778 2275 Tum

434 2320 587 2364 vero
636 2300 833 2363 ceteri
878 2298 1283 2382 dissipantur
1327 2303 1505 2364 metu
1555 2303 1644 2383 et,
1690 2322 1817 2385 qua
1852 2301 2082 2385 cuique
2121 2300 2202 2365 ad
2238 2300 2461 2386 fugam
2509 2300 2780 2384 patebat

430 2388 567 2471 via,
626 2392 974 2471 erumpunt
1029 2409 1211 2453 arma
1272 2388 1611 2473 iacientes,
1670 2411 1832 2473 quae
1891 2391 2088 2473 paulo
2149 2392 2304 2454 ante
2365 2390 2447 2454 ad
2505 2390 2782 2454 tutelam

330 2497 395 2545 13
434 2497 779 2559 corporum
826 2480 1268 2560 sumpserant:
1316 2475 1476 2541 adeo
1523 2498 1730 2560 pavor
1773 2479 1971 2543 etiam
2009 2479 2251 2544 auxilia
2285 2477 2608 2544 formidat.
2672 2477 2780 2542 In-

434 2565 653 2630 stabat
708 2564 1114 2649 fugientibus
1171 2587 1366 2650 eques
1423 2588 1462 2630 a
1519 2565 1947 2632 Parmenione
2003 2568 2307 2652 emissus,
2363 2570 2429 2632 et
2483 2566 2654 2632 forte
2709 2567 2782 2631 in

433 2653 592 2717 illud
638 2675 843 2718 cornu
890 2675 1114 2718 omnes
1138 2654 1315 2741 -fuga
1352 2656 1732 2722 abstulerat.
1805 2657 1900 2720 At
1936 2656 2008 2720 in
2047 2657 2268 2721 dextro
2305 2657 2543 2721 Persae
2579 2655 2782 2720 Thes-

329 2763 397 2810 14
436 2743 611 2806 salos
660 2742 908 2826 equites
954 2743 1369 2808 vehementer
1414 2745 1756 2828 urgebant.
1845 2745 2112 2830 Iamque
2158 2767 2288 2810 una
2336 2745 2440 2827 ala
2491 2744 2634 2827 ipso
2681 2743 2778 2808 in-

432 2835 592 2917 petu
635 2832 1015 2915 proculcata
1060 2837 1227 2898 erat:
1282 2855 1428 2898 cum
1477 2833 1779 2899 Thessali
1837 2837 2097 2900 strenue
2145 2833 2548 2899 circumactis
2597 2831 2779 2915 equis

436 2919 672 3005 dilapsi
718 2943 942 2986 rursus
988 2921 1057 2986 in
1101 2921 1423 3010 proelium
1468 2923 1740 2986 redeunt
1785 2941 2173 3006 sparsosque
2219 2925 2286 2986 et
2329 2921 2781 3004 inconpositos

507 3219 556 3270 8.
602 3215 943 3272 Oxathres
1012 3217 1205 3271 Genau
1242 3233 1302 3270 so
1338 3216 1556 3270 berich-

432 3288 521 3341 tet
554 3285 782 3342 Diodor.
828 3319 900 3329 —-
944 3301 1146 3356 super
1191 3287 1282 3342 bei
1327 3289 1558 3342 eminere

433 3356 514 3410 im
559 3357 717 3411 bildl.
766 3358 935 3412 Sinne
979 3356 1059 3413 ist
1102 3357 1419 3413 nachklass.
1467 3359 1558 3412 ffir

432 3429 603 3494 intem
652 3428 797 3484 doch
836 3427 1074 3483 braucht
1120 3429 1215 3483 sch
1224 3445 1295 3483 on
1339 3427 1457 3486 Liv.
1495 3429 1558 3483 in

437 3498 723 3568 gleichem
758 3498 915 3554 Falle
953 3515 1142 3568 supra.
1216 3498 1301 3554 Im
1339 3498 1556 3570 cigent-

432 3569 623 3624 lichen
675 3569 843 3623 Sinne
896 3569 1050 3624 steht
1098 3571 1256 3628 emin.
1293 3587 1457 3641 super
1503 3575 1558 3626 4..

434 3645 485 3696 4.
517 3646 575 3708 33
614 3644 664 3694 8.
697 3645 778 3694 13.
811 3646 860 3694 ¹¹1.
891 3671 957 3680 —-
984 3643 1059 3695 in
1142 3643 1559 3727 aucissimis,

436 3727 706 3850 ms.
730 3727 1081 3837 ἓῗέιῖἵῒὲή.
1109 3713 1557 3854 13³3.{'3²1.³33¹.2¹².²21

436 3854 696 3978 cishintgr
722 3869 905 3922 pauca
918 3859 1213 3923 ===practer
1231 3859 1426 3911 ceteros
1441 3859 1559 3925 (ra)

438 3942 479 3978 s.
569 3969 581 3981 .
659 3931 707 3980 6.
896 3955 902 3964 ·

507 4000 557 4049 9.
596 3997 782 4050 circa
816 4012 1041 4067 regem.
1092 3995 1253 4051 Sinn:
1291 3995 1428 4051 aber
1465 3996 1557 4051 die

438 4065 546 4119 den
594 4064 783 4136 Konig
836 4068 1108 4122 zunachst
1152 4067 1559 4138 Umgebenden

436 4135 617 4190 lassen
654 4137 773 4192 sich
811 4138 1003 4192 nicht
1037 4139 1262 4193 werfen.
1298 4169 1371 4179 —
1407 4141 1557 4194 rui-

437 4221 584 4272 nae,
649 4207 991 4279 Metzelei,
1056 4207 1165 4279 eig.
1220 4208 1561 4265 Hinstfirzen

439 4283 641 4340 ganze‘r
657 4279 897 4336 Massen.
924 4311 992 4320 —
1012 4281 1338 4348 defuncti.
1379 4280 1437 4335 C.
1457 4281 1562 4335 hat

438 4349 627 4414 morte,
652 4350 767 4404 vita
795 4353 1025 4424 defungi
1050 4371 1107 4408 u.
1129 4353 1360 4426 defungi
1386 4353 1562 4408 allein

329 3029 396 3076 15
434 3009 745 3074 victoriae
790 3009 1027 3074 fiducia
1071 3009 1385 3074 barbaros
1422 3009 1678 3094 ingenti
1713 3011 1907 3074 caede
1943 3014 2388 3092 prosternunt.
2457 3007 2630 3093 Equi
2662 3030 2778 3091 pa-

1762 3217 1926 3281 mori3
1965 3217 2077 3271 alle
2104 3214 2227 3269 drei
2253 3213 2785 3272 Gebrauchsweisen

1663 3287 1788 3341 sind
1823 3289 1974 3357 poet.
2011 3306 2066 3340 u.
2101 3285 2218 3340 nkl.

1740 3363 1823 3411 10.
1861 3357 2151 3430 Atizyes.
2217 3356 2517 3412 Dieselben
2563 3357 2786 3413 Namen

1665 3429 1812 3484 auch
1848 3428 1940 3484 bei
1975 3429 2201 3484 Diodor.
2274 3415 2425 3482 Uber
2457 3444 2592 3485 non
2635 3431 2785 3498 qui-

1665 3501 1801 3554 dem
1846 3519 1888 3555 s.
1926 3499 1990 3554 E.
2033 3506 2160 3569 1623
2219 3500 2360 3554 fiber
2399 3501 2581 3556 inter
2623 3517 2784 3571 quos

1665 3572 1927 3626 ebendas.
1964 3577 2052 3628 48.

1740 3648 1824 3696 11.
1863 3648 2197 3710 excutere,
2233 3644 2302 3698 de
2333 3649 2540 3698 conatu
2566 3661 2632 3698 zu
2669 3644 2783 3698 fas-

1667 3727 1781 3769 sen.
1802 3745 1868 3754 --
1889 3715 2253 3783 inponitur
2292 3715 2573 3784 ‘gehoben
2599 3713 2781 3769 wird’.

1666 3813 1736 3824 --
1779 3786 2009 3855 fugam
2059 3811 2128 3832 =
2181 3802 2237 3840 se
2289 3787 2600 3858 fuyientem.
2673 3785 2784 3836 Zur

1667 3855 1850 3910 Sache
1887 3875 1930 3910 s.
1973 3863 2054 3911 12.
2086 3862 2119 3911 6
2156 3873 2224 3912 ne
2260 3859 2412 3912 cultu
2441 3857 2778 3925 proderetur.

1685 3965 1694 3972 .
1741 3930 1824 3981 13.
1861 3928 2194 3984 iacientes
2231 3953 2298 3975 ===
2335 3928 2640 3990 abicientes,
2675 3923 2782 3977 wie

1665 4003 1716 4051 4.
1756 4003 1807 4052 3.
1845 4003 1941 4066 26,
1992 4005 2074 4053 13.
2115 4005 2173 4066 33
2221 3999 2282 4052 in
2327 3996 2606 4066 gleichem
2643 3992 2782 4048 Sinn

1669 4073 1752 4123 13.
1793 4075 1824 4124 9
1873 4088 1927 4124 u.
1965 4069 2139 4126 offers
2184 4068 2278 4122 bei
2323 4066 2512 4121 Livius
2555 4066 2781 4122 iactare.

1668 4170 1736 4180 —
1771 4141 1846 4194 in
1889 4142 2068 4197 illud
2111 4155 2332 4195 cornu.
2407 4135 2666 4192 Gemeint
2709 4136 2788 4192 ist

1667 4211 1768 4264 der
1811 4209 1968 4266 linke
2023 4210 2238 4279 Fh‘igel.
2285 4238 2358 4249 —
2404 4208 2788 4264 abstulerat

1666 4279 1928 4336 Disselbe
1973 4281 2182 4336 Phrase
2228 4281 2402 4334 unten
2441 4284 2472 4346 ξ
2507 4285 2602 4345 263
2647 4281 2787 4335 abn-

1668 4352 1784 4406 lich
1823 4359 1870 4408 7.
1911 4359 1960 4408 2.
1998 4359 2034 4407 4
2069 4369 2224 4423 quem
2258 4357 2434 4406 terror
2471 4352 2788 4410 abstulerat.

3041 3669 3054 3740 Δ-
3037 3629 3053 3652 ,Ι
3051 3539 3053 3574 -x
3051 3419 3053 3454 —n
3051 3373 3053 3406 ,-
