<?xml version="1.0" encoding="UTF-8"?>
<!DOCTYPE html PUBLIC "-//W3C//DTD XHTML 1.0 Transitional//EN"
    "http://www.w3.org/TR/xhtml1/DTD/xhtml1-transitional.dtd">
<html xmlns="http://www.w3.org/1999/xhtml" xml:lang="en" lang="en">
 <head>
  <title>
</title>
<meta http-equiv="Content-Type" content="text/html;charset=utf-8" />
  <meta name='ocr-system' content='tesseract 3.04.00' />
  <meta name='ocr-capabilities' content='ocr_page ocr_carea ocr_par ocr_line ocrx_word'/>
</head>
<body>
  <div class='ocr_page' id='page_1' title='image "./qcurtirufihisto00vogegoog_0318.png"; bbox 0 0 3069 4749; ppageno 0'>
   <div class='ocr_carea' id='block_1_1' title="bbox 296 574 361 622">
    <p class='ocr_par' dir='ltr' id='par_1_1' title="bbox 296 574 361 622">
     <span class='ocr_line' id='line_1_1' title="bbox 296 574 361 622; baseline 0.015 -1"><span class='ocrx_word' id='word_1_1' title='bbox 296 574 361 622; x_wconf 87' lang='lat'>13</span> 
     </span>
    </p>
   </div>
   <div class='ocr_carea' id='block_1_2' title="bbox 300 1274 1201 1359">
    <p class='ocr_par' dir='ltr' id='par_1_2' title="bbox 300 1274 1201 1359">
     <span class='ocr_line' id='line_1_2' title="bbox 300 1274 1201 1359; baseline 0 -18"><span class='ocrx_word' id='word_1_2' title='bbox 300 1284 367 1333; x_wconf 84' lang='lat'>16</span> <span class='ocrx_word' id='word_1_3' title='bbox 402 1276 543 1341; x_wconf 92' lang='lat' dir='ltr'>ullo</span> <span class='ocrx_word' id='word_1_4' title='bbox 581 1276 892 1341; x_wconf 87' lang='lat' dir='ltr'>amiserat</span> <span class='ocrx_word' id='word_1_5' title='bbox 935 1274 1201 1359; x_wconf 87' lang='lat' dir='ltr'>proelio.</span> 
     </span>
    </p>
   </div>
   <div class='ocr_carea' id='block_1_3' title="bbox 306 2351 370 2399">
    <p class='ocr_par' dir='ltr' id='par_1_3' title="bbox 306 2351 370 2399">
     <span class='ocr_line' id='line_1_3' title="bbox 306 2351 370 2399; baseline -0.016 0"><span class='ocrx_word' id='word_1_6' title='bbox 306 2351 370 2399; x_wconf 87' lang='grc'>19</span> 
     </span>
    </p>
   </div>
   <div class='ocr_carea' id='block_1_4' title="bbox 308 2963 618 3028">
    <p class='ocr_par' dir='ltr' id='par_1_4' title="bbox 308 2963 618 3028">
     <span class='ocr_line' id='line_1_4' title="bbox 308 2963 618 3028; baseline -0.003 0"><span class='ocrx_word' id='word_1_7' title='bbox 308 2973 373 3020; x_wconf 89' lang='grc'>21</span> <span class='ocrx_word' id='word_1_8' title='bbox 412 2963 618 3028; x_wconf 81' lang='lat' dir='ltr'>Bessi.</span> 
     </span>
    </p>
   </div>
   <div class='ocr_carea' id='block_1_5' title="bbox 404 133 1848 201">
    <p class='ocr_par' dir='ltr' id='par_1_5' title="bbox 404 133 1848 201">
     <span class='ocr_line' id='line_1_5' title="bbox 404 133 1848 201; baseline -0.001 -11"><span class='ocrx_word' id='word_1_9' title='bbox 404 134 439 196; x_wconf 80' lang='grc'><strong>7</strong></span> <span class='ocrx_word' id='word_1_10' title='bbox 448 134 491 199; x_wconf 88' lang='grc'>6</span> <span class='ocrx_word' id='word_1_11' title='bbox 1310 135 1373 201; x_wconf 81' lang='lat' dir='ltr'>Q.</span> <span class='ocrx_word' id='word_1_12' title='bbox 1414 133 1638 189; x_wconf 84' lang='lat' dir='ltr'>CURTI</span> <span class='ocrx_word' id='word_1_13' title='bbox 1671 134 1848 189; x_wconf 82' lang='lat' dir='ltr'><strong>RUFI</strong></span> 
     </span>
    </p>
   </div>
   <div class='ocr_carea' id='block_1_6' title="bbox 400 298 875 383">
    <p class='ocr_par' dir='ltr' id='par_1_6' title="bbox 400 298 875 383">
     <span class='ocr_line' id='line_1_6' title="bbox 400 298 875 383; baseline 0.002 -20"><span class='ocrx_word' id='word_1_14' title='bbox 400 303 531 383; x_wconf 89' lang='lat' dir='ltr'>est,</span> <span class='ocrx_word' id='word_1_15' title='bbox 590 298 846 364; x_wconf 82' lang='lat' dir='ltr'>reddito</span> <span class='ocrx_word' id='word_1_16' title='bbox 856 349 875 381; x_wconf 89' lang='lat'>,</span> 
     </span>
    </p>
   </div>
   <div class='ocr_carea' id='block_1_7' title="bbox 948 295 2766 381">
    <p class='ocr_par' dir='ltr' id='par_1_7' title="bbox 948 295 2766 381">
     <span class='ocr_line' id='line_1_7' title="bbox 948 295 2766 381; baseline 0.001 -17.012"><span class='ocrx_word' id='word_1_17' title='bbox 948 296 1035 364; x_wconf 88' lang='lat' dir='ltr'>N</span> <span class='ocrx_word' id='word_1_18' title='bbox 1036 318 1109 362; x_wconf 88' lang='lat' dir='ltr'>ec</span> <span class='ocrx_word' id='word_1_19' title='bbox 1172 296 1397 381; x_wconf 90' lang='lat' dir='ltr'>solus&#39;,</span> <span class='ocrx_word' id='word_1_20' title='bbox 1458 296 1698 381; x_wconf 87' lang='lat' dir='ltr'>inquit,</span> <span class='ocrx_word' id='word_1_21' title='bbox 1772 295 2014 361; x_wconf 81' lang='lat' dir='ltr'>‘bibere</span> <span class='ocrx_word' id='word_1_22' title='bbox 2079 298 2370 363; x_wconf 74' lang='lat' dir='ltr'><strong>sustineo</strong></span> <span class='ocrx_word' id='word_1_23' title='bbox 2433 321 2556 364; x_wconf 92' lang='lat' dir='ltr'>nec</span> <span class='ocrx_word' id='word_1_24' title='bbox 2619 303 2766 365; x_wconf 86' lang='lat' dir='ltr'>tam</span> 
     </span>
    </p>
   </div>
   <div class='ocr_carea' id='block_1_8' title="bbox 397 384 2766 562">
    <p class='ocr_par' dir='ltr' id='par_1_8' title="bbox 397 384 2766 562">
     <span class='ocr_line' id='line_1_8' title="bbox 400 384 2766 473; baseline 0 -20"><span class='ocrx_word' id='word_1_25' title='bbox 400 388 705 473; x_wconf 85' lang='lat' dir='ltr'>exiguum</span> <span class='ocrx_word' id='word_1_26' title='bbox 769 386 1053 452; x_wconf 85' lang='lat' dir='ltr'>dividere</span> <span class='ocrx_word' id='word_1_27' title='bbox 1122 385 1427 451; x_wconf 89' lang='lat' dir='ltr'>omnibus</span> <span class='ocrx_word' id='word_1_28' title='bbox 1494 407 1782 470; x_wconf 87' lang='lat' dir='ltr'>possum.</span> <span class='ocrx_word' id='word_1_29' title='bbox 1890 384 2030 451; x_wconf 89' lang='lat' dir='ltr'>Vos</span> <span class='ocrx_word' id='word_1_30' title='bbox 2093 386 2334 451; x_wconf 86' lang='lat' dir='ltr'>currite</span> <span class='ocrx_word' id='word_1_31' title='bbox 2403 392 2470 453; x_wconf 91' lang='lat' dir='ltr'>et</span> <span class='ocrx_word' id='word_1_32' title='bbox 2531 388 2766 454; x_wconf 87' lang='lat' dir='ltr'>liberis</span> 
     </span>
     <span class='ocr_line' id='line_1_9' title="bbox 397 472 2028 562; baseline -0.001 -21"><span class='ocrx_word' id='word_1_33' title='bbox 397 477 660 560; x_wconf 74' lang='lat' dir='ltr'>vestris,</span> <span class='ocrx_word' id='word_1_34' title='bbox 706 475 878 562; x_wconf 87' lang='lat' dir='ltr'>quod</span> <span class='ocrx_word' id='word_1_35' title='bbox 919 478 1189 559; x_wconf 89' lang='lat' dir='ltr'>propter</span> <span class='ocrx_word' id='word_1_36' title='bbox 1232 475 1383 540; x_wconf 88' lang='lat' dir='ltr'>illos</span> <span class='ocrx_word' id='word_1_37' title='bbox 1430 474 1790 557; x_wconf 86' lang='lat' dir='ltr'>attulistis,</span> <span class='ocrx_word' id='word_1_38' title='bbox 1835 472 2028 539; x_wconf 85' lang='lat' dir='ltr'>date&#39;.</span> 
     </span>
    </p>
   </div>
   <div class='ocr_carea' id='block_1_9' title="bbox 578 562 2884 650">
    <p class='ocr_par' dir='ltr' id='par_1_9' title="bbox 578 562 2884 650">
     <span class='ocr_line' id='line_1_10' title="bbox 578 562 2884 650; baseline -0 -20"><span class='ocrx_word' id='word_1_39' title='bbox 578 565 869 631; x_wconf 84' lang='lat' dir='ltr'>Tandem</span> <span class='ocrx_word' id='word_1_40' title='bbox 906 564 989 629; x_wconf 91' lang='lat' dir='ltr'>ad</span> <span class='ocrx_word' id='word_1_41' title='bbox 1026 564 1265 629; x_wconf 85' lang='lat' dir='ltr'>flumen</span> <span class='ocrx_word' id='word_1_42' title='bbox 1294 562 1564 628; x_wconf 81' lang='lat' dir='ltr'>Oxum</span> <span class='ocrx_word' id='word_1_43' title='bbox 1543 585 1688 647; x_wconf 80' lang='lat' dir='ltr'>ipse</span> <span class='ocrx_word' id='word_1_44' title='bbox 1724 563 2022 647; x_wconf 80' lang='lat' dir='ltr'>pervenit</span> <span class='ocrx_word' id='word_1_45' title='bbox 2055 564 2272 647; x_wconf 88' lang='lat' dir='ltr'>prima</span> <span class='ocrx_word' id='word_1_46' title='bbox 2307 564 2442 630; x_wconf 87' lang='lat' dir='ltr'>fere</span> <span class='ocrx_word' id='word_1_47' title='bbox 2469 587 2766 650; x_wconf 84' lang='lat' dir='ltr'>vespera,</span> <span class='ocrx_word' id='word_1_48' title='bbox 2790 567 2884 631; x_wconf 82' lang='lat'>21</span> 
     </span>
    </p>
   </div>
   <div class='ocr_carea' id='block_1_10' title="bbox 400 652 2768 827">
    <p class='ocr_par' dir='ltr' id='par_1_10' title="bbox 400 652 2768 827">
     <span class='ocr_line' id='line_1_11' title="bbox 402 652 2766 737; baseline 0 -18"><span class='ocrx_word' id='word_1_49' title='bbox 402 654 516 719; x_wconf 85' lang='lat' dir='ltr'>sed</span> <span class='ocrx_word' id='word_1_50' title='bbox 544 654 862 719; x_wconf 83' lang='lat' dir='ltr'>exercitus</span> <span class='ocrx_word' id='word_1_51' title='bbox 890 674 1133 737; x_wconf 88' lang='lat' dir='ltr'>magna</span> <span class='ocrx_word' id='word_1_52' title='bbox 1159 675 1310 736; x_wconf 88' lang='lat' dir='ltr'>pars</span> <span class='ocrx_word' id='word_1_53' title='bbox 1339 673 1471 718; x_wconf 91' lang='lat' dir='ltr'>non</span> <span class='ocrx_word' id='word_1_54' title='bbox 1507 654 1811 736; x_wconf 87' lang='lat' dir='ltr'>potuerat</span> <span class='ocrx_word' id='word_1_55' title='bbox 1837 652 2164 736; x_wconf 77' lang='lat' dir='ltr'><strong>consequi.</strong></span> <span class='ocrx_word' id='word_1_56' title='bbox 2224 652 2307 717; x_wconf 91' lang='lat' dir='ltr'>In</span> <span class='ocrx_word' id='word_1_57' title='bbox 2335 654 2510 719; x_wconf 86' lang='lat' dir='ltr'>edito</span> <span class='ocrx_word' id='word_1_58' title='bbox 2537 659 2766 721; x_wconf 86' lang='lat' dir='ltr'>monte</span> 
     </span>
     <span class='ocr_line' id='line_1_12' title="bbox 400 741 2768 827; baseline 0 -19"><span class='ocrx_word' id='word_1_59' title='bbox 400 742 587 827; x_wconf 90' lang='lat' dir='ltr'>ignes</span> <span class='ocrx_word' id='word_1_60' title='bbox 642 743 824 808; x_wconf 89' lang='lat' dir='ltr'>iubet</span> <span class='ocrx_word' id='word_1_61' title='bbox 880 742 1048 825; x_wconf 87' lang='lat' dir='ltr'>fieri,</span> <span class='ocrx_word' id='word_1_62' title='bbox 1101 746 1177 805; x_wconf 90' lang='lat' dir='ltr'>ut</span> <span class='ocrx_word' id='word_1_63' title='bbox 1226 742 1307 825; x_wconf 91' lang='lat' dir='ltr'>ii,</span> <span class='ocrx_word' id='word_1_64' title='bbox 1369 742 1481 825; x_wconf 89' lang='lat' dir='ltr'>qui</span> <span class='ocrx_word' id='word_1_65' title='bbox 1537 760 1728 825; x_wconf 81' lang='lat' dir='ltr'>aegre</span> <span class='ocrx_word' id='word_1_66' title='bbox 1785 741 2246 825; x_wconf 70' lang='lat' dir='ltr'>sequebamur,</span> <span class='ocrx_word' id='word_1_67' title='bbox 2308 742 2485 808; x_wconf 89' lang='lat' dir='ltr'>haud</span> <span class='ocrx_word' id='word_1_68' title='bbox 2537 744 2768 827; x_wconf 90' lang='lat' dir='ltr'>procul</span> 
     </span>
    </p>
   </div>
   <div class='ocr_carea' id='block_1_11' title="bbox 297 831 1751 915">
    <p class='ocr_par' dir='ltr' id='par_1_11' title="bbox 297 831 1751 915">
     <span class='ocr_line' id='line_1_13' title="bbox 297 831 1751 915; baseline -0.003 -17"><span class='ocrx_word' id='word_1_69' title='bbox 297 840 365 889; x_wconf 81' lang='lat'>14</span> <span class='ocrx_word' id='word_1_70' title='bbox 402 832 637 897; x_wconf 86' lang='lat' dir='ltr'>castris</span> <span class='ocrx_word' id='word_1_71' title='bbox 709 832 888 915; x_wconf 87' lang='lat' dir='ltr'>ipsos</span> <span class='ocrx_word' id='word_1_72' title='bbox 964 831 1195 895; x_wconf 88' lang='lat' dir='ltr'>abesse</span> <span class='ocrx_word' id='word_1_73' title='bbox 1266 834 1751 915; x_wconf 74' lang='lat' dir='ltr'>cognoscerent.</span> 
     </span>
    </p>
   </div>
   <div class='ocr_carea' id='block_1_12' title="bbox 1863 829 2766 916">
    <p class='ocr_par' dir='ltr' id='par_1_12' title="bbox 1863 829 2766 916">
     <span class='ocr_line' id='line_1_14' title="bbox 1863 829 2766 916; baseline 0.002 -21"><span class='ocrx_word' id='word_1_74' title='bbox 1863 829 2000 895; x_wconf 84' lang='lat' dir='ltr'>Eos</span> <span class='ocrx_word' id='word_1_75' title='bbox 2064 833 2311 915; x_wconf 89' lang='lat' dir='ltr'>autem,</span> <span class='ocrx_word' id='word_1_76' title='bbox 2383 832 2498 915; x_wconf 90' lang='lat' dir='ltr'>qui</span> <span class='ocrx_word' id='word_1_77' title='bbox 2568 833 2766 916; x_wconf 86' lang='lat' dir='ltr'>primi</span> 
     </span>
    </p>
   </div>
   <div class='ocr_carea' id='block_1_13' title="bbox 402 918 2763 1093">
    <p class='ocr_par' dir='ltr' id='par_1_13' title="bbox 402 918 2763 1093">
     <span class='ocr_line' id='line_1_15' title="bbox 402 918 2763 1007; baseline 0 -22"><span class='ocrx_word' id='word_1_78' title='bbox 402 920 687 1007; x_wconf 87' lang='lat' dir='ltr'>agminis</span> <span class='ocrx_word' id='word_1_79' title='bbox 735 922 949 1003; x_wconf 88' lang='lat' dir='ltr'>erant,</span> <span class='ocrx_word' id='word_1_80' title='bbox 1002 922 1255 983; x_wconf 86' lang='lat' dir='ltr'>mature</span> <span class='ocrx_word' id='word_1_81' title='bbox 1300 919 1447 984; x_wconf 90' lang='lat' dir='ltr'>cibo</span> <span class='ocrx_word' id='word_1_82' title='bbox 1494 940 1572 983; x_wconf 91' lang='lat' dir='ltr'>ac</span> <span class='ocrx_word' id='word_1_83' title='bbox 1614 918 1878 1003; x_wconf 88' lang='lat' dir='ltr'>potione</span> <span class='ocrx_word' id='word_1_84' title='bbox 1923 918 2246 1003; x_wconf 88' lang='lat' dir='ltr'>firmatos,</span> <span class='ocrx_word' id='word_1_85' title='bbox 2299 920 2548 1004; x_wconf 87' lang='lat' dir='ltr'>inplere</span> <span class='ocrx_word' id='word_1_86' title='bbox 2595 922 2763 987; x_wconf 90' lang='lat' dir='ltr'>alios</span> 
     </span>
     <span class='ocr_line' id='line_1_16' title="bbox 402 1008 2763 1093; baseline 0 -18"><span class='ocrx_word' id='word_1_87' title='bbox 402 1014 609 1093; x_wconf 85' lang='lat' dir='ltr'>utres,</span> <span class='ocrx_word' id='word_1_88' title='bbox 656 1009 819 1074; x_wconf 88' lang='lat' dir='ltr'>alios</span> <span class='ocrx_word' id='word_1_89' title='bbox 868 1030 1053 1093; x_wconf 87' lang='lat' dir='ltr'>vasa,</span> <span class='ocrx_word' id='word_1_90' title='bbox 1098 1008 1608 1092; x_wconf 86' lang='lat' dir='ltr'>quibuscumque</span> <span class='ocrx_word' id='word_1_91' title='bbox 1649 1029 1818 1092; x_wconf 89' lang='lat' dir='ltr'>aqua</span> <span class='ocrx_word' id='word_1_92' title='bbox 1863 1008 2116 1090; x_wconf 84' lang='lat' dir='ltr'>portari</span> <span class='ocrx_word' id='word_1_93' title='bbox 2159 1012 2410 1092; x_wconf 88' lang='lat' dir='ltr'>posset,</span> <span class='ocrx_word' id='word_1_94' title='bbox 2456 1010 2648 1075; x_wconf 88' lang='lat' dir='ltr'>iussit</span> <span class='ocrx_word' id='word_1_95' title='bbox 2685 1032 2763 1075; x_wconf 87' lang='lat' dir='ltr'>ac</span> 
     </span>
    </p>
   </div>
   <div class='ocr_carea' id='block_1_14' title="bbox 298 1094 2762 1182">
    <p class='ocr_par' dir='ltr' id='par_1_14' title="bbox 298 1094 2762 1182">
     <span class='ocr_line' id='line_1_17' title="bbox 298 1094 2762 1182; baseline 0 -19"><span class='ocrx_word' id='word_1_96' title='bbox 298 1106 364 1155; x_wconf 84' lang='lat'>15</span> <span class='ocrx_word' id='word_1_97' title='bbox 405 1099 539 1164; x_wconf 90' lang='lat' dir='ltr'>suis</span> <span class='ocrx_word' id='word_1_98' title='bbox 578 1119 772 1181; x_wconf 90' lang='lat' dir='ltr'>opem</span> <span class='ocrx_word' id='word_1_99' title='bbox 813 1096 1005 1162; x_wconf 85' lang='lat' dir='ltr'>ferre.</span> <span class='ocrx_word' id='word_1_100' title='bbox 1076 1094 1200 1162; x_wconf 87' lang='lat' dir='ltr'>Sed</span> <span class='ocrx_word' id='word_1_101' title='bbox 1238 1097 1350 1182; x_wconf 90' lang='lat' dir='ltr'>qui</span> <span class='ocrx_word' id='word_1_102' title='bbox 1392 1096 1934 1181; x_wconf 86' lang='lat' dir='ltr'>intemperantius</span> <span class='ocrx_word' id='word_1_103' title='bbox 1978 1096 2362 1181; x_wconf 74' lang='lat' dir='ltr'>hauserant,</span> <span class='ocrx_word' id='word_1_104' title='bbox 2404 1098 2762 1163; x_wconf 89' lang='lat' dir='ltr'>intercluso</span> 
     </span>
    </p>
   </div>
   <div class='ocr_carea' id='block_1_15' title="bbox 404 1185 2763 1271">
    <p class='ocr_par' dir='ltr' id='par_1_15' title="bbox 404 1185 2763 1271">
     <span class='ocr_line' id='line_1_18' title="bbox 404 1185 2763 1271; baseline 0 -20"><span class='ocrx_word' id='word_1_105' title='bbox 404 1186 639 1271; x_wconf 89' lang='lat' dir='ltr'>spiritu</span> <span class='ocrx_word' id='word_1_106' title='bbox 667 1186 940 1251; x_wconf 83' lang='lat' dir='ltr'>extincti</span> <span class='ocrx_word' id='word_1_107' title='bbox 968 1189 1121 1251; x_wconf 87' lang='lat' dir='ltr'>sunt</span> <span class='ocrx_word' id='word_1_108' title='bbox 1156 1186 1492 1270; x_wconf 89' lang='lat' dir='ltr'>multoque</span> <span class='ocrx_word' id='word_1_109' title='bbox 1520 1185 1730 1250; x_wconf 87' lang='lat' dir='ltr'>maior</span> <span class='ocrx_word' id='word_1_110' title='bbox 1764 1185 1996 1251; x_wconf 89' lang='lat' dir='ltr'>horum</span> <span class='ocrx_word' id='word_1_111' title='bbox 2031 1207 2340 1251; x_wconf 86' lang='lat' dir='ltr'>numerus</span> <span class='ocrx_word' id='word_1_112' title='bbox 2373 1185 2528 1271; x_wconf 90' lang='lat' dir='ltr'>fuit,</span> <span class='ocrx_word' id='word_1_113' title='bbox 2565 1209 2763 1271; x_wconf 84' lang='lat' dir='ltr'>quam</span> 
     </span>
    </p>
   </div>
   <div class='ocr_carea' id='block_1_16' title="bbox 1275 1273 2764 1341">
    <p class='ocr_par' dir='ltr' id='par_1_16' title="bbox 1275 1273 2764 1341">
     <span class='ocr_line' id='line_1_19' title="bbox 1275 1273 2764 1341; baseline 0.002 -3"><span class='ocrx_word' id='word_1_114' title='bbox 1275 1273 1369 1338; x_wconf 88' lang='lat' dir='ltr'>At</span> <span class='ocrx_word' id='word_1_115' title='bbox 1413 1274 1528 1341; x_wconf 88' lang='lat' dir='ltr'>ille</span> <span class='ocrx_word' id='word_1_116' title='bbox 1565 1274 1899 1339; x_wconf 77' lang='lat' dir='ltr'>thoracem</span> <span class='ocrx_word' id='word_1_117' title='bbox 1937 1274 2146 1340; x_wconf 86' lang='lat' dir='ltr'>adhuc</span> <span class='ocrx_word' id='word_1_118' title='bbox 2190 1274 2456 1340; x_wconf 88' lang='lat' dir='ltr'>indutus</span> <span class='ocrx_word' id='word_1_119' title='bbox 2491 1296 2612 1340; x_wconf 91' lang='lat' dir='ltr'>nec</span> <span class='ocrx_word' id='word_1_120' title='bbox 2647 1281 2764 1341; x_wconf 89' lang='lat' dir='ltr'>aut</span> 
     </span>
    </p>
   </div>
   <div class='ocr_carea' id='block_1_17' title="bbox 405 1362 2764 1537">
    <p class='ocr_par' dir='ltr' id='par_1_17' title="bbox 405 1362 2764 1537">
     <span class='ocr_line' id='line_1_20' title="bbox 405 1362 2762 1448; baseline 0 -19"><span class='ocrx_word' id='word_1_121' title='bbox 405 1365 549 1430; x_wconf 90' lang='lat' dir='ltr'>cibo</span> <span class='ocrx_word' id='word_1_122' title='bbox 604 1364 886 1430; x_wconf 89' lang='lat' dir='ltr'>refectus</span> <span class='ocrx_word' id='word_1_123' title='bbox 943 1368 1057 1428; x_wconf 90' lang='lat' dir='ltr'>aut</span> <span class='ocrx_word' id='word_1_124' title='bbox 1110 1368 1300 1448; x_wconf 89' lang='lat' dir='ltr'>potu,</span> <span class='ocrx_word' id='word_1_125' title='bbox 1357 1385 1485 1448; x_wconf 89' lang='lat' dir='ltr'>qua</span> <span class='ocrx_word' id='word_1_126' title='bbox 1528 1363 1836 1429; x_wconf 79' lang='lat' dir='ltr'>veniebat</span> <span class='ocrx_word' id='word_1_127' title='bbox 1889 1362 2236 1447; x_wconf 82' lang='lat' dir='ltr'>exercitus,</span> <span class='ocrx_word' id='word_1_128' title='bbox 2289 1364 2590 1430; x_wconf 89' lang='lat' dir='ltr'>constitit</span> <span class='ocrx_word' id='word_1_129' title='bbox 2641 1386 2762 1431; x_wconf 90' lang='lat' dir='ltr'>nec</span> 
     </span>
     <span class='ocr_line' id='line_1_21' title="bbox 406 1451 2764 1537; baseline -0 -18"><span class='ocrx_word' id='word_1_130' title='bbox 406 1458 557 1519; x_wconf 86' lang='lat' dir='ltr'>ante</span> <span class='ocrx_word' id='word_1_131' title='bbox 613 1453 697 1519; x_wconf 88' lang='lat' dir='ltr'>ad</span> <span class='ocrx_word' id='word_1_132' title='bbox 758 1453 1116 1519; x_wconf 88' lang='lat' dir='ltr'>curandum</span> <span class='ocrx_word' id='word_1_133' title='bbox 1168 1473 1403 1537; x_wconf 85' lang='lat' dir='ltr'>corpus</span> <span class='ocrx_word' id='word_1_134' title='bbox 1465 1451 1766 1535; x_wconf 77' lang='lat' dir='ltr'>recessit,</span> <span class='ocrx_word' id='word_1_135' title='bbox 1830 1473 2028 1535; x_wconf 88' lang='lat' dir='ltr'>quam</span> <span class='ocrx_word' id='word_1_136' title='bbox 2089 1452 2588 1537; x_wconf 72' lang='lat' dir='ltr'>praeterierant,</span> <span class='ocrx_word' id='word_1_137' title='bbox 2651 1455 2764 1537; x_wconf 88' lang='lat' dir='ltr'>qui</span> 
     </span>
    </p>
   </div>
   <div class='ocr_carea' id='block_1_18' title="bbox 302 1542 2766 1733">
    <p class='ocr_par' dir='ltr' id='par_1_18' title="bbox 302 1542 2748 1716">
     <span class='ocr_line' id='line_1_22' title="bbox 406 1542 2336 1627; baseline -0.002 -19"><span class='ocrx_word' id='word_1_138' title='bbox 406 1562 645 1627; x_wconf 86' lang='lat' dir='ltr'>agmen</span> <span class='ocrx_word' id='word_1_139' title='bbox 696 1542 1082 1627; x_wconf 76' lang='lat' dir='ltr'>claudebant,</span> <span class='ocrx_word' id='word_1_140' title='bbox 1143 1544 1479 1626; x_wconf 86' lang='lat' dir='ltr'>totamque</span> <span class='ocrx_word' id='word_1_141' title='bbox 1537 1562 1682 1605; x_wconf 88' lang='lat' dir='ltr'>eam</span> <span class='ocrx_word' id='word_1_142' title='bbox 1743 1544 2004 1605; x_wconf 83' lang='lat' dir='ltr'>noctem</span> <span class='ocrx_word' id='word_1_143' title='bbox 2059 1561 2208 1606; x_wconf 87' lang='lat' dir='ltr'>cum</span> <span class='ocrx_word' id='word_1_144' title='bbox 2269 1562 2336 1605; x_wconf 88' lang='grc' dir='ltr'>ιιι</span> 
     </span>
     <span class='ocr_line' id='line_1_23' title="bbox 302 1627 2766 1733; baseline -0.001 -36"><span class='ocrx_word' id='word_1_145' title='bbox 302 1641 367 1689; x_wconf 79' lang='grc'>17</span> <span class='ocrx_word' id='word_1_146' title='bbox 404 1636 589 1697; x_wconf 89' lang='lat' dir='ltr'>motu</span> <span class='ocrx_word' id='word_1_147' title='bbox 652 1631 985 1716; x_wconf 88' lang='lat' dir='ltr'>perpetuis</span> <span class='ocrx_word' id='word_1_148' title='bbox 1028 1630 1297 1733; x_wconf 32' lang='lat' dir='ltr'>‘vigiliis</span> <span class='ocrx_word' id='word_1_149' title='bbox 1357 1631 1509 1715; x_wconf 88' lang='lat' dir='ltr'>egit.</span> <span class='ocrx_word' id='word_1_150' title='bbox 1611 1627 1750 1694; x_wconf 85' lang='lat' dir='ltr'>Nec</span> <span class='ocrx_word' id='word_1_151' title='bbox 1814 1632 2078 1713; x_wconf 89' lang='lat' dir='ltr'>postero</span> <span class='ocrx_word' id='word_1_152' title='bbox 2145 1629 2247 1694; x_wconf 91' lang='lat' dir='ltr'>die</span> <span class='ocrx_word' id='word_1_153' title='bbox 2311 1630 2548 1695; x_wconf 89' lang='lat' dir='ltr'>laetior</span> <span class='ocrx_word' id='word_1_154' title='bbox 2609 1635 2766 1714; x_wconf 88' lang='lat' dir='ltr'>erat,</span> 
     </span>
    </p>
   </div>
   <div class='ocr_carea' id='block_1_19' title="bbox 2339 1542 2764 1627">
    <p class='ocr_par' dir='ltr' id='par_1_19' title="bbox 2339 1542 2764 1627">
     <span class='ocr_line' id='line_1_24' title="bbox 2339 1542 2764 1627; baseline -0.005 -20"><span class='ocrx_word' id='word_1_155' title='bbox 2339 1560 2508 1627; x_wconf 85' lang='lat' dir='ltr'>agno</span> <span class='ocrx_word' id='word_1_156' title='bbox 2566 1542 2764 1607; x_wconf 81' lang='lat' dir='ltr'>animi</span> 
     </span>
    </p>
   </div>
   <div class='ocr_carea' id='block_1_20' title="bbox 406 1718 2764 1984">
    <p class='ocr_par' dir='ltr' id='par_1_20' title="bbox 406 1718 2764 1984">
     <span class='ocr_line' id='line_1_25' title="bbox 406 1718 2764 1807; baseline -0.001 -21"><span class='ocrx_word' id='word_1_157' title='bbox 406 1722 559 1807; x_wconf 89' lang='lat' dir='ltr'>quia</span> <span class='ocrx_word' id='word_1_158' title='bbox 629 1741 752 1785; x_wconf 90' lang='lat' dir='ltr'>nec</span> <span class='ocrx_word' id='word_1_159' title='bbox 823 1720 1089 1803; x_wconf 84' lang='lat' dir='ltr'>navigia</span> <span class='ocrx_word' id='word_1_160' title='bbox 1159 1718 1447 1784; x_wconf 88' lang='lat' dir='ltr'>habebat</span> <span class='ocrx_word' id='word_1_161' title='bbox 1509 1739 1629 1783; x_wconf 86' lang='lat' dir='ltr'>nec</span> <span class='ocrx_word' id='word_1_162' title='bbox 1701 1740 1866 1803; x_wconf 89' lang='lat' dir='ltr'>pons</span> <span class='ocrx_word' id='word_1_163' title='bbox 1934 1718 2096 1803; x_wconf 86' lang='lat' dir='ltr'>erigi</span> <span class='ocrx_word' id='word_1_164' title='bbox 2159 1722 2449 1803; x_wconf 89' lang='lat' dir='ltr'>poterat,</span> <span class='ocrx_word' id='word_1_165' title='bbox 2522 1720 2764 1784; x_wconf 90' lang='lat' dir='ltr'>circum</span> 
     </span>
     <span class='ocr_line' id='line_1_26' title="bbox 406 1805 2763 1893; baseline -0 -19"><span class='ocrx_word' id='word_1_166' title='bbox 406 1832 662 1875; x_wconf 90' lang='lat' dir='ltr'>amnem</span> <span class='ocrx_word' id='word_1_167' title='bbox 705 1808 878 1874; x_wconf 91' lang='lat' dir='ltr'>nudo</span> <span class='ocrx_word' id='word_1_168' title='bbox 924 1809 1053 1875; x_wconf 82' lang='lat' dir='ltr'>solo</span> <span class='ocrx_word' id='word_1_169' title='bbox 1098 1812 1165 1873; x_wconf 89' lang='lat' dir='ltr'>et</span> <span class='ocrx_word' id='word_1_170' title='bbox 1202 1808 1477 1875; x_wconf 87' lang='lat' dir='ltr'>materia</span> <span class='ocrx_word' id='word_1_171' title='bbox 1512 1808 1796 1873; x_wconf 75' lang='lat' dir='ltr'>maxime</span> <span class='ocrx_word' id='word_1_172' title='bbox 1841 1807 2068 1872; x_wconf 87' lang='lat' dir='ltr'>sterili.</span> <span class='ocrx_word' id='word_1_173' title='bbox 2143 1805 2506 1873; x_wconf 82' lang='lat' dir='ltr'>Consilium</span> <span class='ocrx_word' id='word_1_174' title='bbox 2544 1808 2763 1893; x_wconf 88' lang='lat' dir='ltr'>igitur,</span> 
     </span>
     <span class='ocr_line' id='line_1_27' title="bbox 407 1894 2764 1984; baseline -0.001 -20"><span class='ocrx_word' id='word_1_175' title='bbox 407 1899 579 1984; x_wconf 88' lang='lat' dir='ltr'>quod</span> <span class='ocrx_word' id='word_1_176' title='bbox 622 1920 824 1963; x_wconf 89' lang='lat' dir='ltr'>unum</span> <span class='ocrx_word' id='word_1_177' title='bbox 868 1897 1223 1962; x_wconf 77' lang='lat' dir='ltr'>necessitas</span> <span class='ocrx_word' id='word_1_178' title='bbox 1272 1897 1666 1980; x_wconf 87' lang='lat' dir='ltr'>subiecerat,</span> <span class='ocrx_word' id='word_1_179' title='bbox 1719 1896 1861 1961; x_wconf 90' lang='lat' dir='ltr'>init.</span> <span class='ocrx_word' id='word_1_180' title='bbox 1951 1894 2147 1961; x_wconf 87' lang='lat' dir='ltr'>Utres</span> <span class='ocrx_word' id='word_1_181' title='bbox 2195 1918 2392 1981; x_wconf 89' lang='lat' dir='ltr'>quam</span> <span class='ocrx_word' id='word_1_182' title='bbox 2447 1898 2764 1981; x_wconf 86' lang='lat' dir='ltr'>plurimos</span> 
     </span>
    </p>
   </div>
   <div class='ocr_carea' id='block_1_21' title="bbox 407 2076 1380 2162">
    <p class='ocr_par' dir='ltr' id='par_1_21' title="bbox 407 2076 1380 2162">
     <span class='ocr_line' id='line_1_28' title="bbox 407 2076 1380 2162; baseline -0.002 -21"><span class='ocrx_word' id='word_1_183' title='bbox 407 2077 646 2162; x_wconf 89' lang='lat' dir='ltr'>quique</span> <span class='ocrx_word' id='word_1_184' title='bbox 699 2076 895 2160; x_wconf 87' lang='lat' dir='ltr'>primi</span> <span class='ocrx_word' id='word_1_185' title='bbox 954 2076 1380 2155; x_wconf 85' lang='lat' dir='ltr'>transierant,</span> 
     </span>
    </p>
   </div>
   <div class='ocr_carea' id='block_1_22' title="bbox 305 1984 2768 2157">
    <p class='ocr_par' dir='ltr' id='par_1_22' title="bbox 305 1984 2768 2157">
     <span class='ocr_line' id='line_1_29' title="bbox 305 1984 2765 2069; baseline 0.001 -23"><span class='ocrx_word' id='word_1_186' title='bbox 305 1996 369 2046; x_wconf 86' lang='lat'>18</span> <span class='ocrx_word' id='word_1_187' title='bbox 410 1988 786 2053; x_wconf 89' lang='lat' dir='ltr'>stramentis</span> <span class='ocrx_word' id='word_1_188' title='bbox 824 1986 1099 2051; x_wconf 87' lang='lat' dir='ltr'>refertos</span> <span class='ocrx_word' id='word_1_189' title='bbox 1139 1986 1391 2051; x_wconf 85' lang='lat' dir='ltr'>dividit.</span> <span class='ocrx_word' id='word_1_190' title='bbox 1454 1984 1578 2049; x_wconf 88' lang='lat' dir='ltr'>His</span> <span class='ocrx_word' id='word_1_191' title='bbox 1615 1986 2002 2051; x_wconf 79' lang='lat' dir='ltr'>incubantes</span> <span class='ocrx_word' id='word_1_192' title='bbox 2039 1988 2463 2051; x_wconf 79' lang='lat' dir='ltr'>transnavere</span> <span class='ocrx_word' id='word_1_193' title='bbox 2491 2006 2765 2069; x_wconf 88' lang='lat' dir='ltr'>amnem,</span> 
     </span>
     <span class='ocr_line' id='line_1_30' title="bbox 1444 2073 2768 2157; baseline -0.001 -18"><span class='ocrx_word' id='word_1_194' title='bbox 1444 2076 1514 2139; x_wconf 91' lang='lat' dir='ltr'>in</span> <span class='ocrx_word' id='word_1_195' title='bbox 1571 2074 1856 2139; x_wconf 86' lang='lat' dir='ltr'>statione</span> <span class='ocrx_word' id='word_1_196' title='bbox 1921 2078 2135 2157; x_wconf 88' lang='lat' dir='ltr'>erant,</span> <span class='ocrx_word' id='word_1_197' title='bbox 2201 2073 2355 2139; x_wconf 89' lang='lat' dir='ltr'>dum</span> <span class='ocrx_word' id='word_1_198' title='bbox 2417 2075 2768 2139; x_wconf 86' lang='lat' dir='ltr'>traicerent</span> 
     </span>
    </p>
   </div>
   <div class='ocr_carea' id='block_1_23' title="bbox 408 2162 2768 2247">
    <p class='ocr_par' dir='ltr' id='par_1_23' title="bbox 408 2162 2768 2247">
     <span class='ocr_line' id='line_1_31' title="bbox 408 2162 2768 2247; baseline -0.001 -18"><span class='ocrx_word' id='word_1_199' title='bbox 408 2165 625 2230; x_wconf 89' lang='lat' dir='ltr'>ceteri.</span> <span class='ocrx_word' id='word_1_200' title='bbox 715 2163 859 2229; x_wconf 91' lang='lat' dir='ltr'>Hoc</span> <span class='ocrx_word' id='word_1_201' title='bbox 912 2164 1105 2229; x_wconf 92' lang='lat' dir='ltr'>modo</span> <span class='ocrx_word' id='word_1_202' title='bbox 1164 2167 1350 2229; x_wconf 86' lang='lat' dir='ltr'>sexto</span> <span class='ocrx_word' id='word_1_203' title='bbox 1406 2164 1668 2228; x_wconf 84' lang='lat' dir='ltr'>demum</span> <span class='ocrx_word' id='word_1_204' title='bbox 1724 2162 1827 2227; x_wconf 87' lang='lat' dir='ltr'>die</span> <span class='ocrx_word' id='word_1_205' title='bbox 1879 2163 1949 2227; x_wconf 93' lang='lat' dir='ltr'>in</span> <span class='ocrx_word' id='word_1_206' title='bbox 2006 2162 2316 2229; x_wconf 88' lang='lat' dir='ltr'>ulteriore</span> <span class='ocrx_word' id='word_1_207' title='bbox 2365 2164 2510 2247; x_wconf 88' lang='lat' dir='ltr'>ripa</span> <span class='ocrx_word' id='word_1_208' title='bbox 2552 2166 2768 2229; x_wconf 88' lang='lat' dir='ltr'>totum</span> 
     </span>
    </p>
   </div>
   <div class='ocr_carea' id='block_1_24' title="bbox 410 2252 1127 2337">
    <p class='ocr_par' dir='ltr' id='par_1_24' title="bbox 410 2252 1127 2337">
     <span class='ocr_line' id='line_1_32' title="bbox 410 2252 1127 2337; baseline -0.007 -16"><span class='ocrx_word' id='word_1_209' title='bbox 410 2254 765 2321; x_wconf 84' lang='lat' dir='ltr'>exercitum</span> <span class='ocrx_word' id='word_1_210' title='bbox 810 2252 1127 2337; x_wconf 81' lang='lat' dir='ltr'>exposuit.</span> 
     </span>
    </p>
   </div>
   <div class='ocr_carea' id='block_1_25' title="bbox 589 2339 2881 2432">
    <p class='ocr_par' dir='ltr' id='par_1_25' title="bbox 589 2339 2881 2432">
     <span class='ocr_line' id='line_1_33' title="bbox 589 2339 2881 2432; baseline 0 -25"><span class='ocrx_word' id='word_1_211' title='bbox 589 2340 857 2432; x_wconf 89' lang='lat' dir='ltr'>Iamque</span> <span class='ocrx_word' id='word_1_212' title='bbox 902 2340 983 2406; x_wconf 89' lang='lat' dir='ltr'>ad</span> <span class='ocrx_word' id='word_1_213' title='bbox 1028 2339 1544 2425; x_wconf 88' lang='lat' dir='ltr'>persequendum</span> <span class='ocrx_word' id='word_1_214' title='bbox 1581 2340 1855 2408; x_wconf 88' lang='lat' dir='ltr'>Bessum</span> <span class='ocrx_word' id='word_1_215' title='bbox 1893 2343 2213 2406; x_wconf 82' lang='lat' dir='ltr'>statuerat</span> <span class='ocrx_word' id='word_1_216' title='bbox 2247 2340 2578 2426; x_wconf 86' lang='lat' dir='ltr'>progredi,</span> <span class='ocrx_word' id='word_1_217' title='bbox 2623 2362 2768 2407; x_wconf 90' lang='lat' dir='ltr'>cum</span> <span class='ocrx_word' id='word_1_218' title='bbox 2789 2342 2881 2407; x_wconf 82' lang='lat'>22</span> 
     </span>
    </p>
   </div>
   <div class='ocr_carea' id='block_1_26' title="bbox 414 2427 2772 2603">
    <p class='ocr_par' dir='ltr' id='par_1_26' title="bbox 414 2427 2772 2603">
     <span class='ocr_line' id='line_1_34' title="bbox 414 2427 2772 2516; baseline -0.001 -20"><span class='ocrx_word' id='word_1_219' title='bbox 414 2453 521 2514; x_wconf 89' lang='lat' dir='ltr'>ea,</span> <span class='ocrx_word' id='word_1_220' title='bbox 568 2452 733 2515; x_wconf 86' lang='lat' dir='ltr'>quae</span> <span class='ocrx_word' id='word_1_221' title='bbox 777 2431 848 2493; x_wconf 91' lang='lat' dir='ltr'>in</span> <span class='ocrx_word' id='word_1_222' title='bbox 885 2429 1229 2515; x_wconf 84' lang='lat' dir='ltr'>Sogdianis</span> <span class='ocrx_word' id='word_1_223' title='bbox 1268 2433 1478 2515; x_wconf 87' lang='lat' dir='ltr'>erant,</span> <span class='ocrx_word' id='word_1_224' title='bbox 1524 2431 1882 2516; x_wconf 88' lang='lat' dir='ltr'>cognoscit.</span> <span class='ocrx_word' id='word_1_225' title='bbox 1957 2427 2369 2514; x_wconf 84' lang='lat' dir='ltr'>Spitamenes</span> <span class='ocrx_word' id='word_1_226' title='bbox 2416 2435 2556 2495; x_wconf 87' lang='lat' dir='ltr'>erat</span> <span class='ocrx_word' id='word_1_227' title='bbox 2599 2430 2772 2496; x_wconf 85' lang='lat' dir='ltr'>inter</span> 
     </span>
     <span class='ocr_line' id='line_1_35' title="bbox 414 2519 2772 2603; baseline 0 -20"><span class='ocrx_word' id='word_1_228' title='bbox 414 2541 638 2583; x_wconf 89' lang='lat' dir='ltr'>omnes</span> <span class='ocrx_word' id='word_1_229' title='bbox 704 2519 949 2582; x_wconf 89' lang='lat' dir='ltr'>amicos</span> <span class='ocrx_word' id='word_1_230' title='bbox 1008 2519 1354 2603; x_wconf 87' lang='lat' dir='ltr'>praecipuo</span> <span class='ocrx_word' id='word_1_231' title='bbox 1417 2519 1666 2585; x_wconf 90' lang='lat' dir='ltr'>honore</span> <span class='ocrx_word' id='word_1_232' title='bbox 1729 2520 1940 2584; x_wconf 85' lang='lat' dir='ltr'>cultus</span> <span class='ocrx_word' id='word_1_233' title='bbox 2005 2541 2045 2584; x_wconf 89' lang='lat' dir='ltr'>a</span> <span class='ocrx_word' id='word_1_234' title='bbox 2098 2519 2333 2602; x_wconf 80' lang='lat' dir='ltr'>Besso,</span> <span class='ocrx_word' id='word_1_235' title='bbox 2399 2519 2513 2584; x_wconf 91' lang='lat' dir='ltr'>sed</span> <span class='ocrx_word' id='word_1_236' title='bbox 2574 2519 2772 2585; x_wconf 89' lang='lat' dir='ltr'>nullis</span> 
     </span>
    </p>
   </div>
   <div class='ocr_carea' id='block_1_27' title="bbox 304 2607 2772 2693">
    <p class='ocr_par' dir='ltr' id='par_1_27' title="bbox 304 2607 2772 2693">
     <span class='ocr_line' id='line_1_36' title="bbox 304 2607 2772 2693; baseline 0 -21"><span class='ocrx_word' id='word_1_237' title='bbox 304 2617 373 2665; x_wconf 87' lang='grc'>20</span> <span class='ocrx_word' id='word_1_238' title='bbox 412 2607 665 2672; x_wconf 86' lang='lat' dir='ltr'>meritis</span> <span class='ocrx_word' id='word_1_239' title='bbox 711 2607 983 2690; x_wconf 88' lang='lat' dir='ltr'>perfidia</span> <span class='ocrx_word' id='word_1_240' title='bbox 1027 2607 1318 2692; x_wconf 90' lang='lat' dir='ltr'>mitigari</span> <span class='ocrx_word' id='word_1_241' title='bbox 1363 2611 1609 2691; x_wconf 88' lang='lat' dir='ltr'>potest:</span> <span class='ocrx_word' id='word_1_242' title='bbox 1665 2629 1830 2693; x_wconf 87' lang='lat' dir='ltr'>quae</span> <span class='ocrx_word' id='word_1_243' title='bbox 1876 2611 2097 2672; x_wconf 87' lang='lat' dir='ltr'>tamen</span> <span class='ocrx_word' id='word_1_244' title='bbox 2141 2608 2274 2671; x_wconf 90' lang='lat' dir='ltr'>iam</span> <span class='ocrx_word' id='word_1_245' title='bbox 2319 2608 2532 2673; x_wconf 90' lang='lat' dir='ltr'>minus</span> <span class='ocrx_word' id='word_1_246' title='bbox 2579 2608 2649 2672; x_wconf 91' lang='lat' dir='ltr'>in</span> <span class='ocrx_word' id='word_1_247' title='bbox 2695 2629 2772 2672; x_wconf 94' lang='lat' dir='ltr'>eo</span> 
     </span>
    </p>
   </div>
   <div class='ocr_carea' id='block_1_28' title="bbox 411 2695 2776 2958">
    <p class='ocr_par' dir='ltr' id='par_1_28' title="bbox 411 2695 2776 2958">
     <span class='ocr_line' id='line_1_37' title="bbox 411 2695 2776 2781; baseline -0 -20"><span class='ocrx_word' id='word_1_248' title='bbox 411 2697 629 2762; x_wconf 88' lang='lat' dir='ltr'>invisa</span> <span class='ocrx_word' id='word_1_249' title='bbox 676 2717 818 2760; x_wconf 90' lang='lat' dir='ltr'>esse</span> <span class='ocrx_word' id='word_1_250' title='bbox 864 2699 1152 2780; x_wconf 88' lang='lat' dir='ltr'>poterat,</span> <span class='ocrx_word' id='word_1_251' title='bbox 1199 2696 1352 2781; x_wconf 89' lang='lat' dir='ltr'>quia</span> <span class='ocrx_word' id='word_1_252' title='bbox 1394 2695 1561 2768; x_wconf 88' lang='lat' dir='ltr'>mhil</span> <span class='ocrx_word' id='word_1_253' title='bbox 1597 2696 1718 2760; x_wconf 84' lang='lat' dir='ltr'>ulli</span> <span class='ocrx_word' id='word_1_254' title='bbox 1763 2696 2095 2763; x_wconf 89' lang='lat' dir='ltr'>nefastum</span> <span class='ocrx_word' id='word_1_255' title='bbox 2132 2697 2200 2760; x_wconf 90' lang='lat' dir='ltr'>in</span> <span class='ocrx_word' id='word_1_256' title='bbox 2227 2696 2529 2780; x_wconf 89' lang='lat' dir='ltr'>Bessum,</span> <span class='ocrx_word' id='word_1_257' title='bbox 2576 2697 2776 2762; x_wconf 88' lang='lat' dir='ltr'>inter-</span> 
     </span>
     <span class='ocr_line' id='line_1_38' title="bbox 412 2784 2773 2871; baseline -0.001 -21"><span class='ocrx_word' id='word_1_258' title='bbox 412 2786 724 2850; x_wconf 86' lang='lat' dir='ltr'>fectorem</span> <span class='ocrx_word' id='word_1_259' title='bbox 770 2785 944 2871; x_wconf 87' lang='lat' dir='ltr'>regis</span> <span class='ocrx_word' id='word_1_260' title='bbox 982 2786 1111 2871; x_wconf 88' lang='lat' dir='ltr'>sui,</span> <span class='ocrx_word' id='word_1_261' title='bbox 1156 2784 1517 2850; x_wconf 79' lang='lat' dir='ltr'>videbatur.</span> <span class='ocrx_word' id='word_1_262' title='bbox 1592 2785 1852 2850; x_wconf 84' lang='lat' dir='ltr'>Titulus</span> <span class='ocrx_word' id='word_1_263' title='bbox 1901 2785 2180 2851; x_wconf 89' lang='lat' dir='ltr'>facinori</span> <span class='ocrx_word' id='word_1_264' title='bbox 2215 2785 2544 2868; x_wconf 87' lang='lat' dir='ltr'>speciosus</span> <span class='ocrx_word' id='word_1_265' title='bbox 2590 2807 2773 2869; x_wconf 88' lang='lat' dir='ltr'>prae-</span> 
     </span>
     <span class='ocr_line' id='line_1_39' title="bbox 412 2872 2776 2958; baseline -0.001 -19"><span class='ocrx_word' id='word_1_266' title='bbox 412 2874 771 2958; x_wconf 88' lang='lat' dir='ltr'>ferebatur,</span> <span class='ocrx_word' id='word_1_267' title='bbox 834 2872 1123 2940; x_wconf 85' lang='lat' dir='ltr'>vindicta</span> <span class='ocrx_word' id='word_1_268' title='bbox 1185 2873 1414 2938; x_wconf 88' lang='lat' dir='ltr'>Darei.</span> <span class='ocrx_word' id='word_1_269' title='bbox 1480 2873 1594 2938; x_wconf 89' lang='lat' dir='ltr'>sed</span> <span class='ocrx_word' id='word_1_270' title='bbox 1657 2873 2017 2958; x_wconf 86' lang='lat' dir='ltr'>fortunam,</span> <span class='ocrx_word' id='word_1_271' title='bbox 2078 2895 2211 2940; x_wconf 90' lang='lat' dir='ltr'>non</span> <span class='ocrx_word' id='word_1_272' title='bbox 2275 2875 2484 2939; x_wconf 90' lang='lat' dir='ltr'>scelus</span> <span class='ocrx_word' id='word_1_273' title='bbox 2549 2873 2776 2938; x_wconf 88' lang='lat' dir='ltr'>oderat</span> 
     </span>
    </p>
   </div>
   <div class='ocr_carea' id='block_1_29' title="bbox 691 2961 2774 3050">
    <p class='ocr_par' dir='ltr' id='par_1_29' title="bbox 691 2961 2774 3050">
     <span class='ocr_line' id='line_1_40' title="bbox 691 2961 2774 3050; baseline -0.001 -21"><span class='ocrx_word' id='word_1_274' title='bbox 691 2963 991 3047; x_wconf 87' lang='lat' dir='ltr'>Namque</span> <span class='ocrx_word' id='word_1_275' title='bbox 1037 2967 1111 3028; x_wconf 92' lang='lat' dir='ltr'>ut</span> <span class='ocrx_word' id='word_1_276' title='bbox 1139 2961 1584 3027; x_wconf 87' lang='lat' dir='ltr'>Alexandrum</span> <span class='ocrx_word' id='word_1_277' title='bbox 1630 2963 1869 3027; x_wconf 90' lang='lat' dir='ltr'>flumen</span> <span class='ocrx_word' id='word_1_278' title='bbox 1911 2963 2119 3028; x_wconf 87' lang='lat' dir='ltr'>Oxum</span> <span class='ocrx_word' id='word_1_279' title='bbox 2161 2983 2500 3050; x_wconf 88' lang='lat' dir='ltr'>superasse</span> <span class='ocrx_word' id='word_1_280' title='bbox 2539 2983 2774 3050; x_wconf 89' lang='lat' dir='ltr'>cogno-</span> 
     </span>
    </p>
   </div>
   <div class='ocr_carea' id='block_1_30' title="bbox 412 3048 2770 3136">
    <p class='ocr_par' dir='ltr' id='par_1_30' title="bbox 412 3048 2770 3136">
     <span class='ocr_line' id='line_1_41' title="bbox 412 3048 2770 3136; baseline -0.001 -19"><span class='ocrx_word' id='word_1_281' title='bbox 412 3052 537 3136; x_wconf 84' lang='lat' dir='ltr'>vit,</span> <span class='ocrx_word' id='word_1_282' title='bbox 590 3051 1079 3136; x_wconf 88' lang='lat' dir='ltr'>Dataphernem</span> <span class='ocrx_word' id='word_1_283' title='bbox 1135 3055 1201 3116; x_wconf 92' lang='lat' dir='ltr'>et</span> <span class='ocrx_word' id='word_1_284' title='bbox 1256 3048 1597 3134; x_wconf 85' lang='lat' dir='ltr'>Gatenem,</span> <span class='ocrx_word' id='word_1_285' title='bbox 1654 3050 1888 3136; x_wconf 90' lang='lat' dir='ltr'>quibus</span> <span class='ocrx_word' id='word_1_286' title='bbox 1936 3073 1974 3114; x_wconf 86' lang='lat' dir='ltr'>a</span> <span class='ocrx_word' id='word_1_287' title='bbox 2020 3051 2224 3116; x_wconf 89' lang='lat' dir='ltr'>Besso</span> <span class='ocrx_word' id='word_1_288' title='bbox 2283 3051 2568 3116; x_wconf 83' lang='lat' dir='ltr'>maxima</span> <span class='ocrx_word' id='word_1_289' title='bbox 2613 3050 2770 3115; x_wconf 88' lang='lat' dir='ltr'>fides</span> 
     </span>
    </p>
   </div>
   <div class='ocr_carea' id='block_1_31' title="bbox 416 3241 1542 4374">
    <p class='ocr_par' dir='ltr' id='par_1_31' title="bbox 416 3241 1541 3520">
     <span class='ocr_line' id='line_1_42' title="bbox 416 3241 1541 3312; baseline -0.001 -15"><span class='ocrx_word' id='word_1_290' title='bbox 416 3243 682 3312; x_wconf 73' lang='lat' dir='ltr'>vei-legen</span> <span class='ocrx_word' id='word_1_291' title='bbox 730 3243 811 3299; x_wconf 84' lang='lat' dir='ltr'>sie</span> <span class='ocrx_word' id='word_1_292' title='bbox 858 3258 929 3297; x_wconf 86' lang='lat' dir='ltr'>an</span> <span class='ocrx_word' id='word_1_293' title='bbox 972 3243 1136 3298; x_wconf 86' lang='lat' dir='ltr'>einen</span> <span class='ocrx_word' id='word_1_294' title='bbox 1172 3242 1383 3298; x_wconf 84' lang='lat' dir='ltr'>andern</span> <span class='ocrx_word' id='word_1_295' title='bbox 1420 3241 1541 3312; x_wconf 90' lang='lat' dir='ltr'>Ort,</span> 
     </span>
     <span class='ocr_line' id='line_1_43' title="bbox 416 3312 1542 3368; baseline -0.002 0"><span class='ocrx_word' id='word_1_296' title='bbox 416 3313 614 3368; x_wconf 85' lang='lat' dir='ltr'>dafern</span> <span class='ocrx_word' id='word_1_297' title='bbox 667 3313 747 3368; x_wconf 89' lang='lat' dir='ltr'>sie</span> <span class='ocrx_word' id='word_1_298' title='bbox 795 3313 1049 3368; x_wconf 71' lang='lat' dir='ltr'>uberhau</span> <span class='ocrx_word' id='word_1_299' title='bbox 1086 3317 1114 3368; x_wconf 91' lang='lat' dir='ltr'>t</span> <span class='ocrx_word' id='word_1_300' title='bbox 1164 3313 1287 3368; x_wconf 87' lang='lat' dir='ltr'>eine</span> <span class='ocrx_word' id='word_1_301' title='bbox 1331 3312 1542 3368; x_wconf 85' lang='lat' dir='ltr'>Lokal-</span> 
     </span>
     <span class='ocr_line' id='line_1_44' title="bbox 416 3384 1541 3454; baseline -0.002 -14"><span class='ocrx_word' id='word_1_302' title='bbox 416 3385 636 3454; x_wconf 83' lang='lat' dir='ltr'>angabe</span> <span class='ocrx_word' id='word_1_303' title='bbox 671 3384 874 3439; x_wconf 86' lang='lat' dir='ltr'>haben.</span> <span class='ocrx_word' id='word_1_304' title='bbox 907 3415 979 3424; x_wconf 91' lang='lat'>—-</span> <span class='ocrx_word' id='word_1_305' title='bbox 1068 3385 1201 3439; x_wconf 85' lang='lat' dir='ltr'>eber</span> <span class='ocrx_word' id='word_1_306' title='bbox 1234 3385 1541 3439; x_wconf 72' lang='lat' dir='ltr'>sustineo</span> 
     </span>
     <span class='ocr_line' id='line_1_45' title="bbox 419 3455 1189 3520; baseline -0.003 -9"><span class='ocrx_word' id='word_1_307' title='bbox 419 3473 464 3512; x_wconf 88' lang='lat' dir='ltr'>c.</span> <span class='ocrx_word' id='word_1_308' title='bbox 500 3456 654 3512; x_wconf 86' lang='lat' dir='ltr'>infin.</span> <span class='ocrx_word' id='word_1_309' title='bbox 693 3473 735 3508; x_wconf 86' lang='lat' dir='ltr'>s.</span> <span class='ocrx_word' id='word_1_310' title='bbox 772 3455 920 3508; x_wconf 88' lang='lat' dir='ltr'>Einl.</span> <span class='ocrx_word' id='word_1_311' title='bbox 958 3460 990 3520; x_wconf 99' lang='lat'>5</span> <span class='ocrx_word' id='word_1_312' title='bbox 1030 3461 1099 3509; x_wconf 87' lang='lat'>34</span> <span class='ocrx_word' id='word_1_313' title='bbox 1134 3455 1189 3509; x_wconf 92' lang='lat' dir='ltr'>b.</span> 
     </span>
    </p>

    <p class='ocr_par' dir='ltr' id='par_1_32' title="bbox 417 3525 1540 3724">
     <span class='ocr_line' id='line_1_46' title="bbox 491 3525 1540 3581; baseline 0 -1"><span class='ocrx_word' id='word_1_314' title='bbox 491 3532 573 3581; x_wconf 82' lang='lat'>15.</span> <span class='ocrx_word' id='word_1_315' title='bbox 613 3527 983 3581; x_wconf 73' lang='lat' dir='ltr'>hauserant</span> <span class='ocrx_word' id='word_1_316' title='bbox 1018 3525 1111 3580; x_wconf 65' lang='lat' dir='ltr'>fiir</span> <span class='ocrx_word' id='word_1_317' title='bbox 1147 3526 1399 3581; x_wconf 79' lang='lat' dir='ltr'>biberant</span> <span class='ocrx_word' id='word_1_318' title='bbox 1432 3525 1540 3580; x_wconf 79' lang='lat' dir='ltr'>wie</span> 
     </span>
     <span class='ocr_line' id='line_1_47' title="bbox 417 3597 1540 3666; baseline -0.002 -14"><span class='ocrx_word' id='word_1_319' title='bbox 417 3603 447 3664; x_wconf 88' lang='lat'>5</span> <span class='ocrx_word' id='word_1_320' title='bbox 477 3602 537 3666; x_wconf 71' lang='grc' dir='ltr'>ὃς</span> <span class='ocrx_word' id='word_1_321' title='bbox 565 3603 615 3653; x_wconf 96' lang='grc'>3.</span> <span class='ocrx_word' id='word_1_322' title='bbox 648 3603 694 3651; x_wconf 88' lang='grc'>6.</span> <span class='ocrx_word' id='word_1_323' title='bbox 727 3602 840 3652; x_wconf 70' lang='grc' dir='ltr'><strong>9η.</strong></span> <span class='ocrx_word' id='word_1_324' title='bbox 872 3603 923 3653; x_wconf 83' lang='grc' dir='ltr'>ὅ.</span> <span class='ocrx_word' id='word_1_325' title='bbox 952 3627 1018 3636; x_wconf 92' lang='grc'>-</span> <span class='ocrx_word' id='word_1_326' title='bbox 1050 3597 1129 3651; x_wconf 89' lang='lat' dir='ltr'>Zu</span> <span class='ocrx_word' id='word_1_327' title='bbox 1159 3598 1540 3652; x_wconf 78' lang='lat' dir='ltr'>intercluso</span> 
     </span>
     <span class='ocr_line' id='line_1_48' title="bbox 418 3675 765 3726; baseline -0.003 -3"><span class='ocrx_word' id='word_1_328' title='bbox 418 3687 458 3726; x_wconf 86' lang='lat' dir='ltr'>s.</span> <span class='ocrx_word' id='word_1_329' title='bbox 500 3675 550 3726; x_wconf 89' lang='lat'>3.</span> <span class='ocrx_word' id='word_1_330' title='bbox 592 3676 639 3724; x_wconf 90' lang='grc'>6.</span> <span class='ocrx_word' id='word_1_331' title='bbox 683 3675 765 3724; x_wconf 94' lang='grc'>14.</span> 
     </span>
    </p>

    <p class='ocr_par' dir='ltr' id='par_1_33' title="bbox 490 3739 1541 3796">
     <span class='ocr_line' id='line_1_49' title="bbox 490 3739 1541 3796; baseline 0.003 -3"><span class='ocrx_word' id='word_1_332' title='bbox 490 3745 575 3795; x_wconf 87' lang='grc'>16.</span> <span class='ocrx_word' id='word_1_333' title='bbox 614 3741 956 3794; x_wconf 79' lang='lat' dir='ltr'>thoracem.</span> <span class='ocrx_word' id='word_1_334' title='bbox 1032 3739 1219 3796; x_wconf 89' lang='lat' dir='ltr'>Ueber</span> <span class='ocrx_word' id='word_1_335' title='bbox 1270 3741 1379 3795; x_wconf 84' lang='lat' dir='ltr'>den</span> <span class='ocrx_word' id='word_1_336' title='bbox 1425 3758 1541 3796; x_wconf 86' lang='lat' dir='ltr'>acc.</span> 
     </span>
    </p>

    <p class='ocr_par' dir='ltr' id='par_1_34' title="bbox 416 3809 912 3876">
     <span class='ocr_line' id='line_1_50' title="bbox 416 3809 912 3876; baseline 0 -12"><span class='ocrx_word' id='word_1_337' title='bbox 416 3809 644 3866; x_wconf 47' lang='lat' dir='ltr'>&amp;EinL</span> <span class='ocrx_word' id='word_1_338' title='bbox 683 3815 713 3876; x_wconf 88' lang='lat'>5</span> <span class='ocrx_word' id='word_1_339' title='bbox 751 3816 817 3865; x_wconf 78' lang='lat'>27</span> <span class='ocrx_word' id='word_1_340' title='bbox 858 3811 912 3864; x_wconf 91' lang='lat' dir='ltr'>d.</span> 
     </span>
    </p>

    <p class='ocr_par' dir='ltr' id='par_1_35' title="bbox 416 3882 1542 4150">
     <span class='ocr_line' id='line_1_51' title="bbox 491 3882 1542 3952; baseline 0.001 -17"><span class='ocrx_word' id='word_1_341' title='bbox 491 3888 575 3937; x_wconf 78' lang='lat'>17.</span> <span class='ocrx_word' id='word_1_342' title='bbox 615 3883 819 3951; x_wconf 75' lang='lat' dir='ltr'>eriyi,</span> <span class='ocrx_word' id='word_1_343' title='bbox 863 3882 1219 3952; x_wconf 70' lang='lat' dir='ltr'>ungewohnl.</span> <span class='ocrx_word' id='word_1_344' title='bbox 1268 3882 1357 3936; x_wconf 77' lang='lat' dir='ltr'>fiir</span> <span class='ocrx_word' id='word_1_345' title='bbox 1401 3883 1542 3949; x_wconf 70' lang='lat' dir='ltr'>fieri,</span> 
     </span>
     <span class='ocr_line' id='line_1_52' title="bbox 418 3952 1537 4020; baseline 0 -14"><span class='ocrx_word' id='word_1_346' title='bbox 418 3954 580 4020; x_wconf 72' lang='lat' dir='ltr'>effici.</span> <span class='ocrx_word' id='word_1_347' title='bbox 611 3983 678 3992; x_wconf 91' lang='lat'>—-</span> <span class='ocrx_word' id='word_1_348' title='bbox 716 3954 923 4020; x_wconf 78' lang='lat' dir='ltr'>nadO,</span> <span class='ocrx_word' id='word_1_349' title='bbox 959 3953 1151 4019; x_wconf 86' lang='lat' dir='ltr'>kahl,</span> <span class='ocrx_word' id='word_1_350' title='bbox 1188 3952 1295 4008; x_wconf 78' lang='lat' dir='ltr'>wie</span> <span class='ocrx_word' id='word_1_351' title='bbox 1323 3959 1374 4007; x_wconf 86' lang='lat'>3.</span> <span class='ocrx_word' id='word_1_352' title='bbox 1402 3959 1454 4006; x_wconf 91' lang='lat'>4.</span> <span class='ocrx_word' id='word_1_353' title='bbox 1486 3959 1537 4008; x_wconf 85' lang='lat'>3.</span> 
     </span>
     <span class='ocr_line' id='line_1_53' title="bbox 419 4024 1540 4094; baseline 0.001 -17"><span class='ocrx_word' id='word_1_354' title='bbox 419 4042 474 4079; x_wconf 90' lang='grc' dir='ltr'>ιι.</span> <span class='ocrx_word' id='word_1_355' title='bbox 513 4024 658 4079; x_wconf 90' lang='lat' dir='ltr'>oben</span> <span class='ocrx_word' id='word_1_356' title='bbox 694 4029 745 4080; x_wconf 89' lang='grc'><strong>3.</strong></span> <span class='ocrx_word' id='word_1_357' title='bbox 784 4027 833 4078; x_wconf 91' lang='grc'>8.</span> <span class='ocrx_word' id='word_1_358' title='bbox 872 4055 942 4064; x_wconf 92' lang='lat'>--</span> <span class='ocrx_word' id='word_1_359' title='bbox 980 4024 1260 4090; x_wconf 73' lang='lat' dir='ltr'>dividit,</span> <span class='ocrx_word' id='word_1_360' title='bbox 1302 4029 1540 4094; x_wconf 71' lang='lat' dir='ltr'>erganze</span> 
     </span>
     <span class='ocr_line' id='line_1_54' title="bbox 416 4096 700 4150; baseline 0.004 -1"><span class='ocrx_word' id='word_1_361' title='bbox 416 4096 700 4150; x_wconf 75' lang='lat' dir='ltr'>militibue.</span> 
     </span>
    </p>

    <p class='ocr_par' dir='ltr' id='par_1_36' title="bbox 420 4163 1540 4374">
     <span class='ocr_line' id='line_1_55' title="bbox 493 4163 1540 4232; baseline 0 -13"><span class='ocrx_word' id='word_1_362' title='bbox 493 4170 577 4220; x_wconf 88' lang='grc'><strong>18.</strong></span> <span class='ocrx_word' id='word_1_363' title='bbox 604 4167 679 4219; x_wconf 73' lang='lat' dir='ltr'>in</span> <span class='ocrx_word' id='word_1_364' title='bbox 708 4166 1007 4220; x_wconf 74' lang='lat' dir='ltr'>statione</span> <span class='ocrx_word' id='word_1_365' title='bbox 1030 4169 1253 4232; x_wconf 78' lang='lat' dir='ltr'>erant,</span> <span class='ocrx_word' id='word_1_366' title='bbox 1282 4163 1540 4219; x_wconf 72' lang='lat' dir='ltr'>militari-</span> 
     </span>
     <span class='ocr_line' id='line_1_56' title="bbox 421 4205 1540 4318; baseline -0.002 -29"><span class='ocrx_word' id='word_1_367' title='bbox 421 4237 583 4290; x_wconf 87' lang='lat' dir='ltr'>scher</span> <span class='ocrx_word' id='word_1_368' title='bbox 607 4242 647 4290; x_wconf 83' lang='lat' dir='ltr'>t.</span> <span class='ocrx_word' id='word_1_369' title='bbox 666 4241 723 4302; x_wconf 71' lang='lat' dir='ltr'>t„</span> <span class='ocrx_word' id='word_1_370' title='bbox 752 4236 961 4318; x_wconf 83' lang='lat' dir='ltr'>griech.</span> <span class='ocrx_word' id='word_1_371' title='bbox 982 4205 1253 4304; x_wconf 77' lang='grc' dir='ltr'><strong><em>φυλακὰς</em></strong></span> <span class='ocrx_word' id='word_1_372' title='bbox 1272 4232 1359 4304; x_wconf 65' lang='lat' dir='ltr'>alx</span> <span class='ocrx_word' id='word_1_373' title='bbox 1362 4253 1443 4288; x_wconf 79' lang='grc' dir='ltr'><strong>ον.</strong></span> <span class='ocrx_word' id='word_1_374' title='bbox 1470 4266 1540 4276; x_wconf 91' lang='grc'>-</span> 
     </span>
     <span class='ocr_line' id='line_1_57' title="bbox 420 4305 1540 4374; baseline 0 -15"><span class='ocrx_word' id='word_1_375' title='bbox 420 4306 717 4374; x_wconf 75' lang='lat' dir='ltr'>Exponere</span> <span class='ocrx_word' id='word_1_376' title='bbox 750 4306 893 4360; x_wconf 67' lang='lat' dir='ltr'>vird</span> <span class='ocrx_word' id='word_1_377' title='bbox 930 4307 1075 4361; x_wconf 82' lang='lat' dir='ltr'>auch</span> <span class='ocrx_word' id='word_1_378' title='bbox 1112 4306 1204 4361; x_wconf 86' lang='lat' dir='ltr'>bei</span> <span class='ocrx_word' id='word_1_379' title='bbox 1240 4306 1348 4361; x_wconf 86' lang='lat' dir='ltr'>den</span> <span class='ocrx_word' id='word_1_380' title='bbox 1383 4305 1540 4361; x_wconf 84' lang='lat' dir='ltr'>Clas-</span> 
     </span>
    </p>
   </div>
   <div class='ocr_carea' id='block_1_32' title="bbox 1649 3239 2776 3538">
    <p class='ocr_par' dir='ltr' id='par_1_37' title="bbox 1649 3239 2776 3369">
     <span class='ocr_line' id='line_1_58' title="bbox 1651 3239 2776 3298; baseline -0.002 -1"><span class='ocrx_word' id='word_1_381' title='bbox 1651 3239 1839 3297; x_wconf 80' lang='lat' dir='ltr'>sikern</span> <span class='ocrx_word' id='word_1_382' title='bbox 1875 3242 2091 3298; x_wconf 81' lang='lat' dir='ltr'>sowohl</span> <span class='ocrx_word' id='word_1_383' title='bbox 2128 3242 2235 3297; x_wconf 88' lang='lat' dir='ltr'>mit</span> <span class='ocrx_word' id='word_1_384' title='bbox 2277 3244 2343 3296; x_wconf 77' lang='lat' dir='ltr'>in</span> <span class='ocrx_word' id='word_1_385' title='bbox 2387 3244 2501 3298; x_wconf 81' lang='lat' dir='ltr'>loco</span> <span class='ocrx_word' id='word_1_386' title='bbox 2547 3243 2633 3298; x_wconf 85' lang='lat' dir='ltr'>als</span> <span class='ocrx_word' id='word_1_387' title='bbox 2671 3241 2776 3296; x_wconf 89' lang='lat' dir='ltr'>mit</span> 
     </span>
     <span class='ocr_line' id='line_1_59' title="bbox 1649 3313 2304 3369; baseline 0 -1"><span class='ocrx_word' id='word_1_388' title='bbox 1649 3315 1715 3369; x_wconf 78' lang='lat' dir='ltr'>in</span> <span class='ocrx_word' id='word_1_389' title='bbox 1751 3315 1927 3368; x_wconf 75' lang='lat' dir='ltr'>locam</span> <span class='ocrx_word' id='word_1_390' title='bbox 1963 3313 2304 3368; x_wconf 85' lang='lat' dir='ltr'>verbunden.</span> 
     </span>
    </p>

    <p class='ocr_par' dir='ltr' id='par_1_38' title="bbox 1651 3383 2774 3526">
     <span class='ocr_line' id='line_1_60' title="bbox 1725 3383 2774 3454; baseline -0.002 -15"><span class='ocrx_word' id='word_1_391' title='bbox 1725 3390 1808 3439; x_wconf 84' lang='grc'>19.</span> <span class='ocrx_word' id='word_1_392' title='bbox 1830 3384 2267 3454; x_wconf 75' lang='lat' dir='ltr'>Spitamenes,</span> <span class='ocrx_word' id='word_1_393' title='bbox 2307 3383 2774 3454; x_wconf 76' lang='lat' dir='ltr'>Satzanfangwie</span> 
     </span>
     <span class='ocr_line' id='line_1_61' title="bbox 1651 3454 2774 3538; baseline 0 -29"><span class='ocrx_word' id='word_1_394' title='bbox 1651 3461 1698 3509; x_wconf 89' lang='grc'>6.</span> <span class='ocrx_word' id='word_1_395' title='bbox 1731 3462 1780 3512; x_wconf 90' lang='lat'>8.</span> <span class='ocrx_word' id='word_1_396' title='bbox 1811 3461 1862 3510; x_wconf 83' lang='lat'>2.</span> <span class='ocrx_word' id='word_1_397' title='bbox 1891 3487 1959 3496; x_wconf 93' lang='lat'><strong>—</strong></span> <span class='ocrx_word' id='word_1_398' title='bbox 1994 3457 2331 3525; x_wconf 71' lang='lat' dir='ltr'>mitiyam‘,</span> <span class='ocrx_word' id='word_1_399' title='bbox 2370 3454 2482 3538; x_wconf 85' lang='lat' dir='ltr'>vgl.</span> <span class='ocrx_word' id='word_1_400' title='bbox 2519 3455 2774 3522; x_wconf 72' lang='lat' dir='ltr'>mitiyare</span> 
     </span>
    </p>
   </div>
   <div class='ocr_carea' id='block_1_33' title="bbox 1647 3524 2845 3594">
    <p class='ocr_par' dir='ltr' id='par_1_39' title="bbox 1647 3524 2845 3594">
     <span class='ocr_line' id='line_1_62' title="bbox 1647 3524 2845 3594; baseline -0.003 -12"><span class='ocrx_word' id='word_1_401' title='bbox 1647 3528 1880 3594; x_wconf 78' lang='lat' dir='ltr'>rabiem,</span> <span class='ocrx_word' id='word_1_402' title='bbox 1907 3527 2145 3581; x_wconf 75' lang='lat' dir='ltr'>dolorem</span> <span class='ocrx_word' id='word_1_403' title='bbox 2163 3545 2220 3580; x_wconf 89' lang='grc' dir='ltr'>ιι.</span> <span class='ocrx_word' id='word_1_404' title='bbox 2243 3531 2294 3580; x_wconf 71' lang='grc' dir='ltr'>ἓ..</span> <span class='ocrx_word' id='word_1_405' title='bbox 2345 3525 2618 3582; x_wconf 83' lang='lat' dir='ltr'>Gleichen</span> <span class='ocrx_word' id='word_1_406' title='bbox 2637 3524 2775 3579; x_wconf 85' lang='lat' dir='ltr'>Sinn</span> <span class='ocrx_word' id='word_1_407' title='bbox 2841 3559 2845 3564; x_wconf 92' lang='lat'><em>-</em></span> 
     </span>
    </p>
   </div>
   <div class='ocr_carea' id='block_1_34' title="bbox 1646 3597 2776 4376">
    <p class='ocr_par' dir='ltr' id='par_1_40' title="bbox 1647 3597 2772 3664">
     <span class='ocr_line' id='line_1_63' title="bbox 1647 3597 2772 3664; baseline 0.001 -14"><span class='ocrx_word' id='word_1_408' title='bbox 1647 3597 1749 3652; x_wconf 81' lang='lat' dir='ltr'>hat</span> <span class='ocrx_word' id='word_1_409' title='bbox 1786 3605 1833 3653; x_wconf 90' lang='lat'>6.</span> <span class='ocrx_word' id='word_1_410' title='bbox 1874 3601 1924 3651; x_wconf 90' lang='lat'>8.</span> <span class='ocrx_word' id='word_1_411' title='bbox 1965 3603 1996 3651; x_wconf 84' lang='grc'>’1</span> <span class='ocrx_word' id='word_1_412' title='bbox 2041 3597 2294 3664; x_wconf 69' lang='lat' dir='ltr'>beneficio</span> <span class='ocrx_word' id='word_1_413' title='bbox 2332 3598 2573 3652; x_wconf 76' lang='lat' dir='ltr'>alicuius</span> <span class='ocrx_word' id='word_1_414' title='bbox 2608 3597 2772 3653; x_wconf 74' lang='lat' dir='ltr'>vinci.</span> 
     </span>
    </p>

    <p class='ocr_par' dir='ltr' id='par_1_41' title="bbox 1648 3667 2776 4148">
     <span class='ocr_line' id='line_1_64' title="bbox 1719 3667 2776 3734; baseline 0 -13"><span class='ocrx_word' id='word_1_415' title='bbox 1719 3674 1806 3722; x_wconf 86' lang='lat'>20.</span> <span class='ocrx_word' id='word_1_416' title='bbox 1825 3669 2081 3734; x_wconf 75' lang='lat' dir='ltr'>invisa,</span> <span class='ocrx_word' id='word_1_417' title='bbox 2099 3667 2638 3734; x_wconf 75' lang='lat' dir='ltr'>hassenswerth3</span> <span class='ocrx_word' id='word_1_418' title='bbox 2666 3683 2776 3723; x_wconf 70' lang='lat' dir='ltr'>esse</span> 
     </span>
     <span class='ocr_line' id='line_1_65' title="bbox 1653 3737 2774 3808; baseline 0 -15"><span class='ocrx_word' id='word_1_419' title='bbox 1653 3737 1937 3808; x_wconf 85' lang='lat' dir='ltr'>subjektiv</span> <span class='ocrx_word' id='word_1_420' title='bbox 1972 3738 2081 3793; x_wconf 80' lang='lat' dir='ltr'>wie</span> <span class='ocrx_word' id='word_1_421' title='bbox 2117 3739 2176 3792; x_wconf 86' lang='lat' dir='ltr'>in</span> <span class='ocrx_word' id='word_1_422' title='bbox 2211 3740 2310 3794; x_wconf 81' lang='lat' dir='ltr'>hoc</span> <span class='ocrx_word' id='word_1_423' title='bbox 2340 3740 2477 3793; x_wconf 70' lang='lat' dir='ltr'>mihi</span> <span class='ocrx_word' id='word_1_424' title='bbox 2511 3744 2671 3807; x_wconf 76' lang='lat' dir='ltr'>turpe</span> <span class='ocrx_word' id='word_1_425' title='bbox 2697 3743 2774 3793; x_wconf 71' lang='lat' dir='ltr'>est</span> 
     </span>
     <span class='ocr_line' id='line_1_66' title="bbox 1651 3809 2772 3876; baseline 0 -12"><span class='ocrx_word' id='word_1_426' title='bbox 1651 3809 1703 3864; x_wconf 88' lang='lat' dir='ltr'>d.</span> <span class='ocrx_word' id='word_1_427' title='bbox 1732 3809 1769 3863; x_wconf 89' lang='lat' dir='ltr'>i.</span> <span class='ocrx_word' id='word_1_428' title='bbox 1807 3825 1890 3864; x_wconf 82' lang='lat' dir='ltr'>me</span> <span class='ocrx_word' id='word_1_429' title='bbox 1922 3810 2104 3864; x_wconf 74' lang='lat' dir='ltr'>iudice</span> <span class='ocrx_word' id='word_1_430' title='bbox 2135 3815 2239 3876; x_wconf 75' lang='lat' dir='ltr'>est,</span> <span class='ocrx_word' id='word_1_431' title='bbox 2273 3811 2411 3864; x_wconf 71' lang='lat' dir='ltr'><strong><em>mihi</em></strong></span> <span class='ocrx_word' id='word_1_432' title='bbox 2445 3809 2678 3865; x_wconf 78' lang='lat' dir='ltr'>videtwr.</span> <span class='ocrx_word' id='word_1_433' title='bbox 2704 3839 2772 3848; x_wconf 89' lang='lat'><em>—</em></span> 
     </span>
     <span class='ocr_line' id='line_1_67' title="bbox 1649 3879 2774 3952; baseline -0.002 -17"><span class='ocrx_word' id='word_1_434' title='bbox 1649 3881 2054 3949; x_wconf 75' lang='lat' dir='ltr'>fortunam(</span> <span class='ocrx_word' id='word_1_435' title='bbox 2059 3879 2774 3952; x_wconf 67' lang='lat' dir='ltr'>Unglsick’)zeugmat1sch</span> 
     </span>
     <span class='ocr_line' id='line_1_68' title="bbox 1649 3951 2772 4021; baseline -0.003 -15"><span class='ocrx_word' id='word_1_436' title='bbox 1649 3951 1757 4006; x_wconf 88' lang='lat' dir='ltr'>mit</span> <span class='ocrx_word' id='word_1_437' title='bbox 1805 3952 1996 4006; x_wconf 82' lang='lat' dir='ltr'>oderat</span> <span class='ocrx_word' id='word_1_438' title='bbox 2041 3977 2110 3997; x_wconf 84' lang='lat'>==</span> <span class='ocrx_word' id='word_1_439' title='bbox 2153 3968 2269 4006; x_wconf 85' lang='lat' dir='ltr'>non</span> <span class='ocrx_word' id='word_1_440' title='bbox 2318 3952 2596 4021; x_wconf 77' lang='lat' dir='ltr'>probabat</span> <span class='ocrx_word' id='word_1_441' title='bbox 2649 3967 2772 4005; x_wconf 83' lang='lat' dir='ltr'>ver-</span> 
     </span>
     <span class='ocr_line' id='line_1_69' title="bbox 1648 4019 2774 4092; baseline -0.002 -16"><span class='ocrx_word' id='word_1_442' title='bbox 1648 4022 1890 4076; x_wconf 84' lang='lat' dir='ltr'>bunden.</span> <span class='ocrx_word' id='word_1_443' title='bbox 1975 4022 2311 4078; x_wconf 84' lang='lat' dir='ltr'>Uebersetze</span> <span class='ocrx_word' id='word_1_444' title='bbox 2357 4023 2457 4077; x_wconf 84' lang='lat' dir='ltr'>das</span> <span class='ocrx_word' id='word_1_445' title='bbox 2505 4019 2774 4092; x_wconf 82' lang='lat' dir='ltr'>folgende</span> 
     </span>
     <span class='ocr_line' id='line_1_70' title="bbox 1652 4094 2264 4148; baseline 0 0"><span class='ocrx_word' id='word_1_446' title='bbox 1652 4099 1718 4148; x_wconf 79' lang='lat' dir='ltr'>ut</span> <span class='ocrx_word' id='word_1_447' title='bbox 1752 4094 1881 4148; x_wconf 88' lang='lat' dir='ltr'>mit.</span> <span class='ocrx_word' id='word_1_448' title='bbox 1924 4094 2099 4148; x_wconf 86' lang='lat' dir='ltr'>erst</span> <span class='ocrx_word' id='word_1_449' title='bbox 2134 4094 2243 4148; x_wconf 82' lang='lat' dir='ltr'>als&#39;</span> <span class='ocrx_word' id='word_1_450' title='bbox 2251 4137 2264 4148; x_wconf 95' lang='lat'>.</span> 
     </span>
    </p>

    <p class='ocr_par' dir='ltr' id='par_1_42' title="bbox 1646 4160 2773 4376">
     <span class='ocr_line' id='line_1_71' title="bbox 1721 4160 2773 4220; baseline -0.004 -1"><span class='ocrx_word' id='word_1_451' title='bbox 1721 4170 1805 4219; x_wconf 81' lang='lat'>21.</span> <span class='ocrx_word' id='word_1_452' title='bbox 1853 4165 2008 4220; x_wconf 79' lang='lat' dir='ltr'>Dat.</span> <span class='ocrx_word' id='word_1_453' title='bbox 2056 4171 2116 4220; x_wconf 81' lang='lat' dir='ltr'>et</span> <span class='ocrx_word' id='word_1_454' title='bbox 2163 4165 2483 4220; x_wconf 81' lang='lat' dir='ltr'>Catenem.</span> <span class='ocrx_word' id='word_1_455' title='bbox 2567 4160 2773 4216; x_wconf 75' lang='lat' dir='ltr'>Ari-ian</span> 
     </span>
     <span class='ocr_line' id='line_1_72' title="bbox 1646 4233 2772 4290; baseline -0.004 0"><span class='ocrx_word' id='word_1_456' title='bbox 1646 4237 1826 4290; x_wconf 86' lang='lat' dir='ltr'>nennt</span> <span class='ocrx_word' id='word_1_457' title='bbox 1865 4253 1972 4290; x_wconf 86' lang='lat' dir='ltr'>nur</span> <span class='ocrx_word' id='word_1_458' title='bbox 2017 4235 2128 4290; x_wconf 88' lang='lat' dir='ltr'>den</span> <span class='ocrx_word' id='word_1_459' title='bbox 2171 4236 2420 4290; x_wconf 80' lang='lat' dir='ltr'>ersteren</span> <span class='ocrx_word' id='word_1_460' title='bbox 2463 4234 2524 4287; x_wconf 87' lang='lat' dir='ltr'>in</span> <span class='ocrx_word' id='word_1_461' title='bbox 2560 4233 2772 4288; x_wconf 88' lang='lat' dir='ltr'>diesem</span> 
     </span>
     <span class='ocr_line' id='line_1_73' title="bbox 1649 4302 2772 4376; baseline -0.004 -16"><span class='ocrx_word' id='word_1_462' title='bbox 1649 4307 2193 4376; x_wconf 83' lang='lat' dir='ltr'>Zusammenhange,</span> <span class='ocrx_word' id='word_1_463' title='bbox 2231 4306 2378 4360; x_wconf 86' lang='lat' dir='ltr'>doch</span> <span class='ocrx_word' id='word_1_464' title='bbox 2415 4305 2594 4358; x_wconf 86' lang='lat' dir='ltr'>kennt</span> <span class='ocrx_word' id='word_1_465' title='bbox 2624 4302 2772 4358; x_wconf 86' lang='lat' dir='ltr'>auch</span> 
     </span>
    </p>
   </div>
  </div>
 </body>
</html>
