3069 4749
894 210 1397 262 ms'romARuM
1430 209 1852 261 ALEXANDRJ
1886 210 1978 273 1v,
2017 211 2067 259 2.

2527 202 2654 267 117

307 372 593 457 opifices,
639 394 913 456 quorum
952 372 1139 454 copia
1176 370 1331 435 urbs
1369 369 1764 447 abundabat,
1799 370 1870 433 in
1906 367 2201 433 officinas
2243 365 2660 431 distribuunt.

306 461 547 527 Omnia
591 461 750 525 belli
795 464 1113 545 apparatu
1161 462 1482 542 strepunt:
1529 458 1774 522 ferreae
1822 478 2079 541 quoque
2124 476 2357 520 manus
2385 492 2471 503 —
2507 454 2658 518 har-

303 550 604 637 pagonas
653 552 890 614 vocant
932 586 1017 597 —-
1068 570 1227 631 quas
1276 547 1581 632 operibus
1625 545 1916 611 hostium
1961 546 2300 623 inicerent,
2355 544 2659 628 corvique

306 642 374 703 et
422 638 555 703 alia
598 637 855 702 tuendis
910 636 1181 701 urbibus
1236 636 1605 720 excogitata
1659 634 2241 718 praeparabantur.
2331 630 2458 697 Sed
2514 654 2660 697 cum
2700 651 2766 700 13

304 727 689 797 fornacibus
724 731 987 809 ferrum,
1034 724 1205 811 quod
1244 720 1468 789 exciidi
1508 724 1872 806 oportebat,
1917 722 2274 807 inpositum
2321 724 2517 805 esset,
2553 721 2662 784 ad-

309 816 632 899 motisque
678 814 949 879 follibus
995 815 1216 897 ignem
1260 814 1420 877 flatu
1470 812 1921 895 accenderent,
1976 810 2313 894 sanguinis
2370 810 2494 873 rivi
2541 810 2661 905 suff

306 904 471 987 ipsis
510 903 789 968 flammis
828 903 1120 967 extitisse
1160 902 1493 967 dicuntur:
1528 900 1723 985 idque
1762 922 1954 966 omen
1989 901 2060 963 in
2097 898 2527 963 Macedonum
2563 898 2660 961 in-

306 991 574 1057 teritum
630 994 960 1056 verterant
1006 991 1206 1075 Tyrii.
1297 988 1491 1073 Apud
1534 989 1928 1053 Macedonas
1985 1008 2238 1073 quoque
2293 1009 2440 1052 cum
2494 986 2664 1051 forte
2704 1003 2772 1053 14

312 1102 550 1164 panem
599 1079 858 1163 quidam
907 1080 1186 1144 militum
1232 1078 1626 1164 frangerent,
1671 1078 2004 1142 manantis
2053 1074 2394 1162 sanguinis
2441 1078 2664 1159 guttas

307 1171 723 1251 notaverunt,
768 1168 1131 1252 territoque
1176 1188 1329 1251 rege
1375 1167 1778 1251 Aristander,
1826 1166 2260 1250 peritissimus
2307 1168 2560 1247 vatum,
2607 1164 2662 1227 si

310 1257 710 1321 extrinsecus
757 1278 947 1322 cruor
992 1256 1308 1338 fluxisset,
1353 1254 1820 1334 Macedonibus
1866 1255 1933 1318 id
1977 1255 2166 1319 triste
2213 1254 2507 1317 futurum
2545 1252 2663 1317 ait:

310 1348 539 1410 contra
586 1366 733 1409 cum
780 1366 859 1409 ex
905 1346 1215 1410 interiore
1260 1348 1449 1428 parte
1494 1344 1876 1422 manaverit,
1921 1344 2086 1427 urbi,
2125 1364 2317 1426 quam
2367 1340 2664 1406 obsidere

316 1432 774 1517 destinassent,
823 1434 1092 1499 exitium
1146 1432 1552 1517 portendere.
1642 1432 2014 1497 Alexander
2067 1452 2211 1496 cum
2269 1434 2336 1495 et
2391 1429 2663 1495 classem
2705 1446 2771 1497 15

312 1523 541 1607 procul
595 1522 867 1587 haberet
923 1527 990 1588 et
1044 1523 1307 1607 longam
1365 1521 1770 1586 obsidionem
1827 1542 2068 1606 magno
2126 1519 2252 1585 sibi
2307 1519 2389 1582 ad
2453 1522 2666 1582 cetera

314 1610 763 1694 inpedimento
788 1610 1057 1714 ‘videret
1100 1612 1259 1694 fore,
1305 1609 1781 1712 caduceatores,
1827 1610 1940 1695 qui
1986 1610 2065 1711 ad
2103 1628 2328 1709 pacem
2367 1628 2478 1672 eos
2517 1628 2666 1671 con-

316 1698 1152 1871 {ss35233‡5„ss¹?1¹1'⁵‘a1313¹13.⁸
1199 1699 2436 1871 Ἓξ..ἓοῑῖἷέζὲῖἰῃῇῗῗὲῗῑέἔῗξὶῗ
2457 1718 2666 1849 ἕξῗῖ.

210 1872 295 1936 10
315 1880 677 1943 commotus
732 1877 958 1942 urbem
1014 1876 1308 1942 obsidere
1366 1876 1619 1940 statuit.
1713 1874 1839 1939 Sed
1898 1878 2048 1939 ante
2103 1873 2396 1939 iacienda
2455 1873 2662 1937 moles
2703 1892 2770 1942 16

315 1969 470 2048 erat,
518 1986 683 2048 quae
730 1966 1091 2031 continenti
1140 1965 1364 2029 urbem
1410 1964 1867 2029 committeret.
1924 1963 2168 2047 Ingens
2217 1983 2372 2046 ergo
2413 1962 2676 2036 animos

316 2053 601 2117 militum
648 2053 1013 2138 desperatio
1061 2054 1328 2118 incessit
1372 2052 1776 2117 cernentium
1823 2052 2212 2136 profundum
2259 2073 2455 2135 mare,
2493 2050 2665 2136 quod

315 2140 425 2205 vix
463 2140 685 2206 divina
733 2164 853 2225 ope
899 2148 1126 2225 posset
1170 2142 1424 2225 inpleri.
1480 2138 1662 2216 Quae
1701 2142 1859 2205 saxa
1903 2146 2042 2205 tam
2080 2144 2283 2222 vasta,
2329 2162 2488 2225 quas
2526 2143 2667 2205 tam

214 2283 223 2288 .
313 2251 619 2314 proceras
657 2230 922 2295 arbores
958 2252 1152 2315 posse
1186 2229 1503 2316 reperiri?
1550 2230 2022 2295 exhauriendas
2061 2252 2200 2295 esse
2235 2230 2554 2314 regiones,
2590 2233 2666 2294 ut

314 2472 515 2513 muros.
536 2443 866 2512 Ubersetze:
892 2458 1055 2527 lange
1077 2458 1175 2512 der
1185 2457 1435 2528 Mauern,

313 2526 429 2584 bez.
479 2527 583 2581 auf
627 2528 735 2583 den
784 2529 1045 2584 Tiirmen.
1112 2560 1183 2568 -
1258 2531 1435 2584 divi-

1545 2457 1813 2528 gedeutet
1859 2459 1963 2513 auf
1969 2459 2008 2528 ’,
2057 2457 2164 2513 wie
2209 2465 2411 2514 vertere
2453 2475 2566 2513 rem
2599 2459 2664 2512 in

1544 2531 1774 2598 crimen,
1820 2531 2134 2599 reliyionem
2179 2529 2369 2601 (Liv.),
2425 2531 2490 2583 in
2537 2545 2663 2584 eon-

314 2599 510 2662 dunt,
566 2597 675 2652 wie
722 2615 885 2669 ayros
937 2600 1148 2653 civibus
1192 2600 1438 2654 dividere
1545 2603 1826 2656 tumeliam
1862 2600 2080 2669 (Caes).

314 2668 407 2724 bei
463 2667 575 2724 Cic.
640 2700 713 2710 —
784 2671 1090 2740 opifices,
1166 2669 1439 2725 Berfihmt

314 2757 503 2795 waren
532 2741 706 2794 sehon
733 2741 793 2794 in
820 2741 968 2795 alter
996 2741 1119 2794 Zeit
1148 2743 1216 2808 (s.
1246 2742 1297 2795 d.
1328 2741 1437 2795 Bii-

1299 2812 1437 2880 tyri-
1545 2813 1732 2867 hohen
1768 2813 1954 2866 Ehren
1991 2810 2088 2865 bei
2123 2811 2281 2866 Alex.
2323 2811 2578 2876 stehend,
2618 2831 2659 2866 s.

316 2811 451 2866 cher
486 2811 587 2864 der
624 2811 840 2881 Konige
883 2816 928 2867 1.
970 2816 1017 2867 5.
1060 2813 1115 2879 6)
1163 2812 1255 2866 die

314 2883 487 2936 schen
525 2880 795 2936 Arbeiten
840 2881 901 2936 in
936 2879 1161 2949 Metall,
1204 2883 1434 2938 Steinen

312 2955 428 3006 und
456 2950 618 3019 Holz,
648 2969 717 3006 zu
744 2954 996 3008 welchen
1026 2957 1216 3022 spater
1246 2953 1337 3008 die
1372 2952 1433 3007 in

314 3020 451 3078 Glas
488 3023 711 3078 kamen.
760 3054 827 3064 —-
874 3026 1075 3092 eopia
1112 3066 1124 3078 .
1166 3065 1177 3078 .
1219 3025 1433 3078 abun-

312 3095 549 3160 dabat,
586 3093 693 3148 wie
734 3100 815 3148 10.
859 3100 950 3162 13,
984 3095 1216 3162 Quintil.
1260 3100 1341 3149 12.
1382 3102 1431 3149 4.

314 3171 372 3231 13
440 3167 603 3234 eopia
654 3166 733 3219 ist
786 3167 871 3222 als
928 3183 1039 3222 vox
1093 3165 1283 3221 media
1338 3184 1434 3237 ge-

312 3233 581 3306 braucht,
645 3237 760 3290 fast
813 3237 1000 3306 gleich
1057 3253 1297 3292 numere.
1364 3267 1432 3278 --

310 3307 743 3376 harpayonas
770 3333 838 3354 ==
868 3325 1070 3363 asseres
1104 3310 1255 3375 ferro
1289 3325 1434 3363 unco

306 3379 551 3446 praefixi
584 3377 730 3432 nach
766 3378 881 3434 Liv.
924 3385 1013 3433 30.
1056 3385 1138 3434 16.
1182 3385 1263 3433 16.
1340 3379 1433 3433 Sie

310 3449 535 3502 werden
563 3449 909 3504 anderwarts
938 3465 1050 3505 von
1079 3451 1187 3504 den
1223 3451 1433 3516 ferreae

311 3534 510 3574 manus
568 3519 792 3588 (Haken
841 3538 915 3575 an
960 3521 1189 3589 Ketten)
1244 3521 1431 3574 unter-

312 3589 597 3658 schieden,
637 3607 699 3644 so
736 3591 891 3648 Caes.
934 3593 985 3647 b.
1027 3607 1073 3646 c.
1114 3598 1161 3645 1.
1204 3596 1289 3646 57.
1341 3591 1431 3645 Je-

312 3659 555 3714 denfalls
584 3660 811 3716 dienten
840 3663 1007 3717 beide
1053 3662 1429 3716 Instrumenta

311 3747 437 3784 zum
474 3729 685 3785 Entern
722 3732 1057 3787 feindlicher
1094 3733 1317 3788 Schiffe.
1360 3763 1429 3772 -—

311 3800 855 3870 eorvi,=udooeusg
874 3803 1158 3874 beiDiod.,
1180 3804 1427 3859 Brech-

313 3872 604 3942 stangen
650 3875 759 3928 mit
803 3873 1018 3930 Haken.
1058 3905 1129 3915 —
1176 3876 1320 3930 alia
1358 3917 1371 3930 .
1413 3916 1426 3929 .

310 3945 768 4069 ἓωξορίύαιαἘ
801 3935 952 4069 quer
968 3946 1097 4070 figie
1154 3946 1426 4070 {absiiut-

359 4031 557 4067 verun
644 4035 684 4071 s.
774 4058 786 4070 .
908 4037 921 4082 3
1048 4033 1109 4070 er
1193 4033 1261 4071 en
1350 4033 1423 4074 a.

312 4100 427 4153 ger.
464 4085 527 4138 E.
560 4033 651 4142 {Q

387 4159 468 4208 13.
542 4158 695 4212 rivi.
769 4157 895 4211 Von
942 4157 1096 4211 Blut-
1133 4177 1185 4213 u.
1223 4159 1427 4213 Fener-

312 4225 579 4280 bac'hen
627 4227 800 4281 reden
841 4226 1033 4297 haufig
1070 4227 1161 4283 die
1196 4229 1430 4283 Dichter
1460 4265 1463 4268 -

315 4311 368 4346 u.
388 4295 535 4350 nach
551 4297 725 4352 ihnen
754 4299 846 4352 die
865 4297 1089 4352 nachkl.
1116 4299 1426 4353 Prosaiker.

317 4394 385 4404 —
422 4374 790 4437 verterant,
832 4367 949 4423 ‘sie
984 4370 1181 4425 hatten
1218 4369 1433 4425 schnell

1621 2677 1703 2725 14.
1741 2673 2156 2725 Aristander
2183 2687 2284 2724 aus
2314 2671 2441 2724 dem
2457 2669 2662 2724 Wahr-

1547 2743 1832 2810 sagerorte
1870 2741 2180 2795 Telmissus
2215 2741 2276 2795 in
2311 2740 2574 2808 Pisidien,
2602 2742 2664 2796 in

1541 2885 1686 2938 auch
1724 2888 1774 2936 5.
1814 2889 1862 2936 4.
1903 2889 1952 2938 2.
1993 2913 2060 2922 -
2107 2883 2442 2950 futurum,
2485 2881 2657 2935 naml.

1540 2955 1713 3021 fuisse
1750 2979 1820 2999 ==
1854 2951 2132 3022 γενέσθαι
2166 2947 2257 3007 ἄν.
2297 2953 2656 3007 Extrinse-

1541 3041 1656 3080 cus
1682 3027 1848 3094 fluere
1887 3025 1993 3080 soll
2021 3025 2174 3080 wohl
2199 3024 2502 3078 bedenten:
2543 3039 2658 3077 au-

1541 3093 1686 3150 ssen
1707 3093 2658 3151 amBroteherabfliessen.—

1540 3169 1947 3232 manaverit;
1984 3168 2084 3221 das
2113 3168 2357 3236 Tempus
2383 3165 2660 3236 auffallig,

1542 3236 1690 3292 doch
1729 3257 1770 3293 s.
1809 3239 1872 3292 E.
1915 3244 2033 3294 107.

1615 3313 1699 3364 15.
1739 3310 1982 3378 procul
2017 3310 2312 3374 haberet,
2357 3307 2464 3361 wie
2501 3312 2661 3363 extra

1539 3385 1734 3434 sortem
1773 3423 1785 3433 .
1827 3424 1837 3436 .
1876 3381 2073 3435 habere
2120 3387 2168 3436 3.
2208 3385 2279 3433 20
2323 3379 2469 3432 nach
2507 3377 2660 3433 Ana-

1540 3450 1693 3519 logie
1729 3465 1842 3506 von
1878 3453 1954 3506 ad
1997 3468 2248 3516 mamm,
2292 3451 2358 3504 in
2392 3456 2661 3520 promptu

1539 3522 1734 3575 habere
1778 3539 1832 3575 u.
1879 3526 1928 3576 ἢ.
1976 3551 2044 3562 —-
2091 3523 2176 3576 ad
2221 3526 2456 3576 cetera.
2528 3519 2660 3576 Die-

1541 3592 1694 3715 sellbe
1732 3591 2142 3647 Konstruktiou
2181 3592 2326 3647 auch
2363 3592 2457 3646 bei
2494 3592 2657 3646 Klas-

1541 3679 1590 3716 s1
1631 3679 1745 3716 ern.

1611 3739 1692 3787 16.
1732 3733 2013 3801 inpleri,
2055 3733 2279 3789 absolut
2306 3759 2374 3779 =
2413 3750 2654 3802 ausge-

1537 3803 1850 3857 schfittet
1911 3806 2198 3859 werden.
2265 3835 2333 3846 --
2405 3806 2653 3859 eoehau-

1533 3875 1813 3929 riendas
1832 3899 1900 3920 =
1928 3874 2346 3945 ‘abzugraben’.
2387 3874 2459 3929 So
2491 3874 2648 3928 Caes.

1532 3946 1588 4000 b.
1621 3944 1684 4000 G.
1716 3950 1765 4000 5.
1795 3952 1880 4000 42.
1911 3951 1968 4000 3:
2007 3953 2209 4001 terram
2244 3947 2537 4000 exhawrire
2565 3945 2652 3998 ni-

1534 4017 1804 4071 tebantur.
1847 4049 1910 4056 —
1949 4019 2271 4086 reqiones.
2321 4003 2648 4070 Ubersetze:

1540 4086 1751 4156 ‘ga-nze
1786 4087 2318 4142 Litnderstrecken'.
2395 4086 2472 4139 So
2508 4089 2556 4142 5.
2597 4091 2648 4141 3.

1540 4163 1606 4214 18
1644 4160 1898 4228 aymina;
1943 4163 1992 4213 5.
2037 4164 2118 4214 12.
2161 4164 2224 4212 12
2267 4162 2480 4220 eastra;
2525 4157 2648 4212 Liv.

1537 4235 1586 4284 9.
1623 4235 1705 4284 18.
1739 4235 1803 4284 12
1833 4245 2154 4297 percurrere
2179 4228 2428 4298 payinas
2451 4227 2650 4296 ‘ganzo

1539 4299 1770 4357 Seiten'.
1800 4300 2068 4363 Daneben
2086 4305 2230 4354 totas
2247 4298 2468 4353 arbores
2476 4301 2650 4353 unten

1539 4379 1588 4426 3.
1629 4377 1689 4438 93
1731 4372 2018 4427 universae
2053 4371 2198 4426 acies
2236 4374 2317 4424 16.
2359 4376 2445 4424 24.
2519 4369 2648 4440 Vgl.
