3069 4749
877 179 1377 231 HISTORIARUM
1410 180 1830 232 ALEXANDRI
1866 181 1931 246 v,
1970 185 2018 232 4.
2520 181 2644 245 189

296 339 577 424 pendere
626 341 692 404 et
736 339 909 424 regis
958 338 1235 404 salutem
1282 343 1349 404 et
1392 361 1597 406 suam.
1685 340 1968 406 Tandem
2003 363 2234 407 venere
2279 342 2352 407 in
2395 343 2639 428 iugum.
2686 357 2757 407 2ο

297 430 362 492 A
408 428 633 493 dextra
676 429 803 492 iter
848 428 929 494 ad
973 428 1188 513 ipsum
1233 427 1722 495 Ariobarzanen
1781 434 1935 495 erat.
2027 429 2152 496 Hic
2200 431 2526 497 Philotam
2583 435 2648 497 et

300 516 574 583 Coenon
646 537 793 582 cum
860 517 1151 602 Amynta
1211 522 1278 582 et
1339 517 1836 602 Polyperconte,
1901 518 2268 603 expeditam
2331 519 2647 586 habentes

302 627 587 689 manum,
628 605 941 690 relinquit
988 607 1293 690 monitos,
1327 611 1419 688 ut,
1468 607 1620 690 quia
1657 610 1724 672 et
1769 628 1962 692 eques
1999 607 2202 691 pediti
2237 609 2363 674 iret
2397 609 2640 674 mixtus

298 699 371 759 et
416 715 613 779 quam
656 694 1159 779 pinguissimum
1218 697 1390 759 esset
1446 695 1656 760 solum
1711 699 1778 760 et
1830 697 2054 780 pabuli
2107 696 2354 780 fertile,
2409 699 2648 762 sensim

300 783 750 868 procederent:
799 783 993 848 duces
1038 787 1224 849 erant
1278 783 1531 848 itineris
1588 784 1666 848 de
1721 785 1996 868 captivis
2051 785 2203 850 dati.
2293 784 2468 870 Ipse·
2498 808 2648 852 cum
2685 800 2752 850 21

300 872 643 956 armigeris
692 875 757 936 et
802 872 925 955 ala,
970 893 1162 956 quam
1210 893 1443 958 agema
1488 873 1933 957 appellabant,
1977 874 2178 939 ardua
2227 875 2489 958 semita,
2535 874 2648 940 sed

298 960 563 1046 longius
620 982 659 1025 a
714 961 1105 1026 stationibus
1165 961 1456 1026 hostium
1514 965 1772 1027 remota
1835 963 2042 1027 multa
2099 984 2246 1028 cum
2306 963 2646 1030 vexatione

295 1049 636 1134 processit.
702 1049 953 1124 Medius
984 1053 1127 1114 erat
1154 1049 1287 1114 dies
1327 1055 1393 1114 et
1428 1049 1724 1136 fatigatis
1762 1051 2128 1116 necessaria
2155 1051 2364 1136 quies·
2403 1053 2646 1154 quippe
2683 1066 2753 1116 22

296 1138 683 1202 tantundem
718 1137 971 1203 itineris
1008 1141 1361 1223 supererat,
1398 1144 1714 1222 quantum
1753 1140 2000 1205 emensi
2037 1144 2241 1224 erant,
2279 1140 2392 1205 sed
2429 1141 2646 1206 minus

294 1227 673 1311 praecipitis
720 1230 913 1311 atque
974 1227 1177 1292 ardui.
1265 1227 1495 1310 Itaque
1549 1229 1808 1293 refectis
1865 1229 2010 1294 cibo
2068 1250 2421 1314 somnoque
2479 1230 2646 1295 mili·
2685 1246 2754 1296 23

294 1315 475 1380 tibus
538 1315 819 1380 sectanda
877 1316 1107 1402 vigilia
1166 1317 1393 1399 surgit.
1481 1316 1574 1382 Et
1633 1321 1846 1382 cetera
1903 1317 2161 1403 quidem
2219 1318 2394 1383 haud
2457 1339 2647 1402 aegre

298 1405 643 1489 praeterit:
691 1409 1003 1489 ceterum,
1058 1426 1189 1488 qua
1234 1426 1303 1468 se
1348 1406 1670 1470 montium
1723 1406 1948 1491 iugum
2000 1407 2318 1490 paulatim
2373 1406 2456 1472 ad
2509 1409 2645 1492 pla-

297 1493 487 1558 niora
533 1493 833 1575 demittit,
879 1494 1107 1578 ingens
1154 1513 1399 1579 vorago
1448 1515 1767 1560 concursu
1811 1498 2046 1561 cavata
2089 1495 2476 1560 torrentium
2521 1497 2648 1560 iter

297 1585 583 1666 ruperat.
672 1581 777 1646 Ad
822 1580 946 1647 hoc
994 1583 1299 1646 arborum
1342 1583 1511 1647 rami
1559 1582 1722 1648 alius
1770 1584 1899 1648 alio
1943 1583 2240 1668 inplicati
2298 1588 2364 1648 et
2418 1583 2647 1649 cohae-
2685 1599 2754 1649 24

300 1674 524 1736 rentes
570 1673 644 1735 ut
688 1675 1066 1754 perpetuam
1111 1669 1485 1737 obiecerant
1532 1693 1809 1757 saepem.
1873 1671 2256 1757 Desperatio
2301 1672 2506 1756 igitur
2551 1673 2647 1737 in-

300 1779 493 1844 gens,
538 1759 695 1824 adeo
740 1764 815 1823 ut
859 1759 969 1825 vix
1012 1759 1301 1825 lacrimis
1350 1759 1779 1843 abstinerent,
1833 1760 2200 1826 incesserat.
2291 1760 2644 1845 Praecipue
2683 1776 2754 1828 25

302 1847 664 1914 obscuritas
708 1849 946 1913 terrori
992 1852 1156 1912 erat·
1201 1869 1374 1931 nam,
1420 1847 1675 1913 etiamsi
1721 1871 1846 1933 qua
1892 1849 2102 1915 sidera
2155 1849 2648 1934 internitebant,

300 1936 662 2002 continenti
714 1935 944 2002 fr0nde
1002 1940 1211 2001 tectae
1259 1937 1523 2002 arbores
1580 1938 1950 2022 conspicere
2004 1937 2454 2022 prohibebant.
2544 1936 2646 2003 Ne

304 2026 556 2089 aurium
604 2024 865 2109 quidem
902 2047 1057 2090 usus
1096 2028 1450 2110 supererat,
1486 2026 1687 2091 silvas
1727 2027 2058 2110 quatiente
2095 2031 2312 2110 vent0,
2348 2026 2458 2112 qui
2495 2047 2646 2092 con-

300 2113 707 2178 currentibus
768 2114 967 2180 ramis
1031 2114 1340 2179 maiorem
1404 2136 1597 2200 quam
1662 2136 1780 2200 pro
1854 2115 2012 2180 flatu
2086 2135 2317 2181 sonum
2389 2115 2640 2180 edebat.

298 2201 588 2267 Tandem
652 2205 993 2288 expectata
1054 2203 1167 2267 lux
1229 2203 1470 2286 omnia,
1538 2225 1701 2288 quae
1753 2205 2147 2271 terribiliora
2201 2226 2330 2270 nox
2384 2203 2644 2289 fecerat,
2681 2222 2750 2272 26

296 2291 559 2355 minuit.
604 2292 929 2357 circumiri
974 2290 1159 2356 brevi
1204 2291 1417 2377 spatio
1465 2295 1726 2376 poterat
1771 2293 2045 2379 eluvies,
2094 2297 2159 2357 et
2205 2293 2332 2358 sibi
2377 2295 2646 2379 quisque

189 2388 275 2455 16
298 2379 425 2445 dux
471 2380 723 2445 itineris
772 2384 1073 2465 coeperat
1116 2381 1275 2447 fieri.
1348 2380 1654 2447 Evadunt
1700 2402 1852 2469 ergo
1901 2384 1973 2448 111
2019 2384 2264 2449 editum
2308 2383 2642 2449 verticem:
2683 2402 2752 2452 27

297 2490 376 2533 ex
422 2490 548 2554 quo
594 2469 883 2535 hostium
930 2470 1211 2536 statione
1258 2475 1606 2555 conspecta
1663 2475 1920 2537 strenue
1967 2474 2202 2538 armati
2258 2494 2297 2536 a
2341 2476 2526 2553 tergo
2576 2492 2645 2537 se

296 2557 647 2623 ostendunt
690 2558 859 2623 nihil
903 2560 1037 2624 tale
1087 2560 1546 2625 metuentibus.
1615 2560 1902 2637 Quorum
1941 2562 2147 2645 pauci,
2187 2562 2297 2646 qui
2335 2560 2642 2645 congredi

296 2646 440 2710 ausi
487 2649 687 2731 erant,
738 2648 910 2711 caesi
958 2652 1131 2714 sunt.
1201 2646 1433 2732 Itaque
1479 2649 1635 2714 hinc
1680 2650 2092 2714 morientium
2139 2650 2438 2735 gemitus,
2485 2650 2638 2715 hinc
2685 2669 2752 2719 28

297 2734 381 2798 ad
429 2756 579 2799 suos
624 2737 1091 2801 recurrentium
1137 2736 1527 2802 miserabilis
1573 2737 1774 2801 facies
1820 2737 2112 2821 integros
2152 2759 2423 2821 quoque,
2462 2741 2643 2803 ante-

294 2846 489 2924 quam
519 2824 863 2889 discrimen
893 2826 1356 2909 experirentur,
1391 2826 1461 2890 111
1497 2825 1724 2912 fugam
1763 2825 2015 2890 avertit.
2087 2824 2376 2889 Fremitu
2413 2825 2644 2890 deinde
2681 2846 2750 2897 29

292 2911 362 2976 in
410 2916 643 2994 castra,
690 2913 831 2999 quis
879 2910 1184 2978 Craterus
1230 2913 1660 2998 praesidebat,
1703 2914 1908 2979 inlato
1957 2913 2038 2979 ad
2075 2912 2480 2997 occupandas
2529 2934 2640 2977 an-

293 3001 577 3086 gustiaS,
620 3002 690 3065 in
737 3001 995 3087 quibus
1016 3002 1223 3085 pridie
1269 3001 1644 3087 haeserant,
1688 3002 1874 3067 miles
1921 3002 2230 3068 educitur.
2323 2999 2530 3066 Simul
2575 3004 2641 3066 et
2682 3024 2752 3075 30

292 3052 591 3155 Philota's
639 3112 786 3156 cum
823 3089 1297 3175 Polyperconte
1336 3090 1753 3177 Amyntaque
1791 3095 1858 3157 et
1893 3089 2111 3157 Coeno
2152 3090 2478 3155 diversum
2513 3091 2643 3157 iter

364 3286 450 3337 21.
480 3283 864 3353 armiyeris,
892 3282 1002 3337 den
1028 3283 1412 3354 Hypaepisten
1591 3289 1677 3340 25.
1714 3284 2182 3339 internitebat.
2221 3281 2352 3353 Vgl.
2389 3289 2522 3339 3.3.
2555 3289 2665 3359 16.

292 3352 606 3420 nachArr.;
634 3370 886 3435 ayema,
907 3352 1165 3409 dieerste
1187 3354 1411 3411 Schwa·
1520 3356 1858 3411 -edebat
1894 3355 1946 3409 d.
1975 3355 2012 3410 i.
2040 3354 2328 3410 brachte
2363 3338 2665 3425 hei-vor,

292 3423 434 3477 dron
470 3424 571 3479 der
592 3394 921 3480 berittene'n
955 3424 1315 3495 Nobelgarde
1345 3429 1409 3496 (s.
1519 3445 1563 3482 s.
1603 3432 1654 3481 4.
1695 3432 1778 3481 12.
1813 3432 1884 3481 23
1919 3427 2131 3483 edidere
2165 3428 2466 3482 clamorem
2531 3398 2639 3481 Die

292 3500 343 3549 4.
384 3499 469 3549 13.
509 3496 633 3565 26).
1517 3497 1926 3552 Konstruktion
1968 3514 2134 3567 quam
2179 3514 2290 3567 pro
2337 3499 2480 3567 flatu.
2527 3498 2636 3553 wie

363 3570 450 3620 22.
487 3568 709 3622 minus
751 3566 906 3621 wohl
942 3564 1105 3622 nicht
1142 3564 1411 3623 Nomina·
1518 3574 1570 3623 3.
1609 3574 1658 3623 2.
1697 3575 1730 3622 3
1767 3584 1932 3638 quam
1957 3584 2067 3637 pro
2103 3584 2342 3625 numero.

295 3636 395 3705 tiv,
435 3636 675 3694 sondern
709 3637 1073 3693 Adverbium.
1589 3644 1676 3693 26.
1707 3645 2082 3709 exspectata,
2108 3641 2393 3709 pr'agnant
2417 3640 2510 3694 fiir
2545 3655 2638 3694 ex·

362 3712 449 3762 23.
486 3713 730 3776 cetera,
786 3708 879 3762 die
932 3708 1130 3778 fibrige
1178 3708 1411 3764 Strecke
1516 3714 1740 3779 optata;
1787 3711 2059 3778 minuit,
2108 3710 2232 3765 liefs
2271 3711 2354 3765 als
2389 3710 2638 3777 weniger

295 3778 391 3833 des
426 3778 654 3847 Weges.
702 3810 770 3819 -
816 3785 1101 3849 ruperat
1154 3780 1243 3834 fiir
1298 3782 1411 3849 ab—‚
1518 3779 1836 3851 gefflhrlich
1881 3782 2221 3837 erscheinen.
2271 3812 2338 3823 -
2385 3781 2638 3836 eluvies

291 3850 667 3919 interruperat
715 3850 795 3905 ist
839 3851 900 3905 in
947 3850 1133 3905 dieser
1177 3851 1411 3907 Verbin-
1519 3870 1562 3907 s
1601 3870 1656 3907 v.
1693 3868 1744 3906 a.
1779 3868 1983 3923 voraqo
2029 3857 2060 3918 ς
2099 3858 2194 3921 23,
2241 3852 2346 3907 wie
2391 3851 2536 3906 anch
2581 3856 2634 3905 8.

293 3920 446 3991 dung
479 3921 763 3991 poetisch;
813 3921 959 3977 denn
1001 3922 1151 3979 viam
1193 3924 1409 3991 (mmeo)
1522 3930 1606 3978 11.
1657 3928 1687 3978 7
1751 3924 1814 3978 el.
1861 3941 1914 3979 u.
1961 3925 2249 3994 vorayines
2309 3922 2636 3979 verbunden

290 4008 413 4047 rum
454 4008 543 4047 ere
576 3992 671 4048 bei
704 3992 825 4049 Liv.
863 3992 1063 4049 heisstz
1100 3992 1222 4048 sich
1248 3993 1413 4049 Bahn
1520 3993 1663 4049 sind.

292 4062 425 4118 brec
468 4079 555 4120 611.
1591 4071 1677 4120 27.
1715 4066 1964 4122 armati
1989 4064 2132 4136 geht
2157 4064 2258 4119 auf
2273 4064 2638 4133 Macedones,-

362 4139 451 4190 24.
488 4135 655 4203 alie,
702 4134 959 4204 Ablativ‚
1006 4134 1168 4191 nicht
1202 4136 1412 4191 Adver-
1518 4136 1671 4191 beim
1727 4136 1956 4207 Steigen
2009 4151 2200 4190 waren
2246 4135 2326 4191 sie
2369 4133 2530 4188 nicht
2579 4134 2639 4189 in

291 4204 465 4261 bium.
504 4236 572 4246 —-
591 4210 685 4333 tut
710 4212 1123 4277 perpetuam.
1188 4207 1259 4263 Ut
1294 4205 1411 4262 616-
1516 4207 1700 4263 voller
1734 4206 2098 4287 Bewaffnung
2133 4222 2406 4276 gewesen.

294 4273 545 4329 fach==
591 4282 897 4348 numquam,
950 4279 1115 4348 quasi
1162 4278 1241 4333 ist
1288 4294 1412 4334 vor-
1593 4284 1678 4333 29.
1715 4278 1935 4333 inlato
1979 4276 2086 4332 wie
2123 4278 2330 4344 inferre
2363 4282 2636 4347 terrorem,

294 4344 634 4404 herrschend
668 4348 1111 4405 nachklassisch.
1520 4348 1698 4419 desgl.
1737 4350 1842 4415 inf.
1879 4364 2188 4417 sermonem,
2227 4349 2564 4405 mentionem.
