3069 4749
801 148 1317 204 HISTORIARUM
1350 149 1787 210 ALEXANDRI
1824 149 1918 217 VI,
1961 154 2044 205 10.
2509 152 2598 215 43

238 312 524 379 adfecto!
560 226 583 395 Ι
614 312 861 395 Ecquis
910 334 944 375 e
1001 311 1184 376 vobis
1240 317 1582 395 corruptus
1641 315 1742 376 est
1791 312 1977 376 donis
1989 312 2028 375 9.
2115 333 2308 396 quem
2353 313 2599 397 ducem,

238 425 432 488 quem
468 400 873 485 praefectum
911 400 1245 483 inpensius
1286 400 1499 465 colui?
1582 398 1751 464 Mihi
1787 400 2044 483 quidem
2083 401 2380 484 obicitur,
2427 402 2596 486 quod

239 492 621 557 societatem
666 489 867 573 patrii
914 490 1231 553 sermonis
1288 511 1625 573 asperner,
1681 489 1853 573 quod
1893 488 2326 555 Macedonum
2382 513 2596 556 mores

235 580 591 646 fastidiam.
686 578 795 643 Sic
846 598 1005 662 ergo
1050 577 1351 661 imperio,
1407 579 1578 662 quod
1635 577 1976 661 dedignor,
2030 578 2364 643 immineo!
2456 578 2598 645 Iam

237 670 487 754 pridem
532 668 793 732 nativus
851 667 966 731 ille
1028 687 1241 731 sermo
1288 667 1674 732 commercio
1725 666 1997 731 aliarum
2043 666 2338 752 gentium
2385 669 2598 733 exole-

237 760 361 822 vit:
404 762 545 821 tam
590 756 971 838 victoribus,
1018 777 1215 839 quam
1258 756 1447 820 victis
1493 755 1840 840 peregrina
1874 754 2104 839 lingua
2139 754 2440 821 discenda
2477 762 2594 823 est.

237 845 392 913 Non
436 845 805 911 mehercule
859 845 991 909 ista
1038 866 1143 908 me
1190 844 1403 929 magis
1447 845 1742 926 laedunt,
1799 864 1996 928 quam
2041 844 2212 927 quod
2259 842 2598 931 Amyntas,

237 934 584 1001 Perdiccae
637 933 841 1011 filius,
894 933 1238 998 insidiatus
1295 937 1397 998 est
1450 933 1624 1017 regi:
1689 954 1835 998 cum
1893 953 2021 1017 quo
2078 932 2249 1017 quod
2313 934 2598 1000 amicitia

239 1024 437 1089 fuerit
484 1022 675 1108 mihi,
720 1043 854 1086 non
898 1044 1125 1087 recuso
1172 1022 1542 1107 defendere,
1588 1026 1644 1086 si
1690 1021 1964 1086 fratrem
2007 1021 2186 1106 regis
2231 1042 2362 1087 non
2407 1044 2597 1106 opor-

238 1113 369 1178 tuit
416 1112 605 1196 diligi
651 1133 691 1176 a
734 1111 943 1175 nobis.
1036 1109 1151 1175 Sin
1196 1116 1415 1177 autem
1461 1112 1532 1176 in
1574 1112 1692 1176 illo
1729 1109 2030 1175 fortunae
2067 1110 2271 1192 gradu
2307 1112 2598 1193 positum

242 1202 443 1265 etiam
480 1200 775 1265 venerari
810 1222 1074 1265 necesse
1110 1206 1277 1265 erat:
1323 1205 1563 1285 utrum,
1609 1221 1870 1285 quaeso,
1915 1198 2090 1283 quod
2123 1220 2257 1264 non
2294 1200 2596 1286 divinavi,

240 1311 391 1353 reus
439 1310 608 1372 sum,
666 1311 751 1353 an
808 1289 1135 1372 inpiorum
1192 1290 1417 1354 amicis
1472 1289 1842 1355 insontibus
1890 1309 2146 1372 quoque
2191 1289 2598 1355 moriendum

238 1378 387 1441 est?
478 1377 663 1454 Quod
712 1378 767 1442 si
814 1400 1091 1462 aequum
1140 1382 1257 1461 est,
1304 1401 1419 1443 cur
1462 1377 1714 1443 tamdiu
1759 1376 1954 1442 vivo‘?
2003 1376 2062 1440 si
2105 1376 2440 1462 iniustum,
2485 1400 2598 1444 cur

234 1488 407 1531 nunc
464 1465 726 1531 demum
782 1466 1085 1531 occidor?
1178 1467 1270 1531 At
1324 1468 1496 1532 enim
1555 1466 1788 1550 scripsi
1839 1466 2134 1530 misereri
2194 1488 2296 1530 me
2337 1489 2597 1552 eorum,

236 1555 471 1641 quibus
526 1556 875 1619 vivendum
930 1559 1105 1620 esset
1159 1558 1279 1621 sub
1336 1578 1441 1639 eo,
1505 1555 1618 1639 qui
1673 1577 1742 1620 se
1795 1554 1972 1621 Iovis
2025 1554 2238 1618 filium
2290 1556 2598 1622 crederet.

235 1643 427 1707 Fides
476 1644 822 1727 amicitiae,
867 1645 1004 1709 veri
1044 1645 1300 1709 consilii
1335 1645 1707 1728 periculosa
1741 1644 2031 1727 libertas,
2075 1664 2180 1707 me
2218 1642 2594 1728 decepistis!

234 1753 387 1815 vos,
433 1754 597 1818 quae
644 1732 1035 1815 sentiebam,
1080 1756 1165 1797 ne
1210 1734 1580 1817 reticerem,
1635 1731 2008 1816 inpulistisl
2099 1729 2446 1816 Scripsisse
2493 1756 2594 1799 me

233 1821 397 1885 haec
441 1822 667 1904 fateor,
710 1824 819 1887 sed
858 1822 1019 1905 regi,
1064 1844 1198 1887 non
1240 1823 1322 1887 de
1358 1842 1512 1909 rege
1551 1823 1907 1906 scripsisse.
1996 1819 2152 1911 Non
2189 1822 2359 1886 enim
2399 1822 2594 1887 facie·

235 1910 390 1974 bam
436 1911 773 1995 invidiam,
822 1911 933 1975 sed
979 1933 1099 1995 pro
1148 1934 1224 1977 eo
1269 1911 1604 1977 timebam.
1695 1909 1976 1995 Dignior
2019 1909 2183 1974 mihi
2226 1910 2596 1978 Alexander

236 1998 607 2082 videbatur,
672 2000 785 2084 qui
842 1999 1017 2065 Iovis
1085 2000 1357 2084 stirpem
1411 2001 1655 2065 tacitus
1721 2001 2175 2085 adgnosceret,
2232 2019 2428 2082 quam
2483 2002 2595 2085 qui

234 2086 717 2171 praedicatione
770 2088 1063 2155 iactaret.
1162 2086 1289 2153 Sed
1355 2090 1664 2173 quoniam
1725 2087 1973 2153 oraculi
2025 2087 2186 2152 fides
2243 2092 2419 2153 certa
2473 2094 2594 2169 est,

238 2176 329 2240 sit
366 2175 521 2240 deus
559 2198 789 2243 causae
826 2199 1009 2243 meae
1044 2178 1251 2243 testis.
1332 2178 1635 2243 Retinete
1673 2200 1776 2243 me
1811 2178 1884 2241 in
1919 2176 2215 2259 vinculis,
2253 2178 2406 2241 dum
2445 2200 2594 2243 con·

234 2265 471 2329 sulitur
526 2264 884 2350 Hammon,
947 2289 1103 2331 num
1158 2288 1468 2332 arcanum
1526 2271 1592 2332 et
1651 2267 1982 2333 occultum
2045 2266 2253 2330 scelus
2308 2266 2593 2332 inierim:

234 2354 343 2438 qui
388 2374 611 2440 regem
656 2358 952 2420 nostrum
998 2356 1301 2441 dignatus
1350 2360 1451 2422 est
1494 2357 1734 2440 filium,
1789 2356 2118 2422 neminem
2180 2377 2430 2441 eorum,
2484 2358 2594 2441 qui

236 2443 428 2526 stirpi
476 2465 629 2508 suae
676 2445 972 2510 insidiati
1020 2449 1192 2530 sunt,
1236 2447 1442 2510 latere
1479 2447 1788 2531 patietur.
1879 2444 1949 2510 Si
1993 2444 2274 2511 certiora
2310 2446 2591 2512 oraculis

232 2617 527 2686 Metapher
572 2618 675 2672 hat
718 2620 862 2672 auch
900 2619 1093 2674 Livius
1130 2619 1238 2675 mit
1273 2621 1357 2675 la-

230 2692 367 2754 tere,
422 2689 722 2744 delitescere
776 2708 829 2744 u.
883 2691 1096 2746 andern
1138 2691 1357 2746 Verbis.

236 2788 299 2797 —
341 2761 533 2828 ecqui
541 2776 582 2813 s.
656 2760 897 2814 Hiermit
924 2762 1063 2830 geht
1090 2763 1188 2816 der
1214 2762 1359 2816 Red-

230 2845 335 2882 ner
386 2829 489 2884 auf
537 2831 645 2885 den
691 2832 925 2886 zweiten
982 2832 1358 2902 allgemeinen

231 2899 399 2954 Theil
436 2901 617 2955 seiner
652 2903 809 2956 Rede
842 2903 999 2968 fiber,
1036 2903 1097 2956 in
1133 2904 1259 2958 dem
1298 2919 1359 2958 er

232 2969 356 3024 sich
410 2989 523 3026 von
576 2974 703 3026 dem
760 2974 1049 3028 Ver-dacht
1102 2974 1358 3029 herrsch-

234 3041 521 3110 sfichtiger
540 3043 767 3098 Geh'iste
796 3045 911 3098 und
929 3045 1103 3099 Plane
1131 3045 1355 3114 reinigt.

232 3142 327 3236 Ξ.
341 3114 515 3238 Ἕὲἒῑξ
547 3114 655 3238 {33
664 3116 1101 3256 “mil-'iiiii
1135 3121 1203 3171 ³⁶
1240 3116 1358 3241 :³3⁶

230 3255 461 3308 mineo.
540 3256 685 3310 Zwei
722 3257 1030 3312 Gedanken
1072 3258 1198 3312 sind
1234 3274 1355 3311 ver-

230 3325 573 3381 schmolzen:
634 3327 759 3382 ‘auf
802 3329 1107 3382 solchem
1152 3329 1357 3398 Wege

231 3395 353 3450 also
379 3398 603 3452 trachte
627 3397 720 3453 ich
748 3398 897 3454 nach
916 3400 1016 3453 der
1033 3399 1360 3454 Henschaft

233 3466 389 3520 eines
414 3467 671 3537 Reiches,
700 3470 801 3524 das
827 3469 923 3524 ich
951 3471 1098 3525 doch
1125 3471 1355 3540 (angeb-

230 3536 369 3606 lich)
411 3540 720 3594 verachte'.
792 3541 979 3596 Ueber
1019 3543 1273 3596 immineo
1310 3556 1353 3595 s,

304 3685 390 3732 23.
448 3683 750 3736 exolevit.
827 3683 901 3738 So
940 3683 1174 3738 bildlich
1210 3682 1356 3737 auch

230 3749 325 3804 bei
378 3750 595 3820 Livius;
652 3752 845 3809 Cicero
898 3754 1140 3808 braucht
1193 3753 1359 3808 dafi'ir

229 3821 509 3878 obsolesce,
594 3823 701 3878 Mit
750 3826 1051 3894 pei-emina
1102 3825 1180 3879 ist
1232 3825 1357 3879 hier

230 3891 323 3946 die
378 3893 729 3962 griechische
776 3895 1025 3966 Sprache
1085 3897 1351 3966 gemeint‚

228 3961 445 4018 welche
480 3965 628 4020 nach
676 3973 725 4021 9.
765 3973 835 4021 36
874 3967 967 4022 die
1004 3967 1354 4037 siegreichen

226 4033 589 4090 Macedonici·
632 4036 836 4092 ebenso
872 4038 1067 4092 lernen
1102 4041 1356 4092 mussten

228 4105 337 4160 wie
365 4105 459 4162 die
484 4123 598 4160 von
622 4108 796 4162 ihnen
822 4109 1117 4178 besiegten
1143 4108 1356 4163 Volker

227 4173 291 4228 in
326 4177 555 4246 Europa
589 4178 706 4233 und
740 4179 1131 4234 Vorderasien.

304 4251 389 4300 24.
420 4249 801 4316 defendere,
819 4248 1356 4320 rechtfertigen‚

229 4315 339 4372 wie
380 4324 427 4374 7.
460 4324 506 4372 1.
547 4325 641 4388 213
685 4337 951 4390 pum-qam,
988 4335 1247 4376 excusare
1282 4320 1359 4374 ist

1465 2621 1618 2676 bloss
1647 2618 2212 2688 entschuldigen,
2249 2619 2590 2676 erklaren.

1426 2713 1431 2718 ·
1467 2723 1536 2732 -
1563 2693 1770 2762 reglis,
1807 2691 1859 2744 d.
1887 2691 1944 2744 h.
1973 2690 2072 2743 des
2100 2689 2438 2759 damaligen.
2487 2690 2592 2745 Ge-

1466 2763 1646 2818 meint
1679 2763 1757 2816 ist
1791 2760 2103 2828 Philippus.

1539 2837 1625 2888 25.
1663 2849 1794 2886 non
1831 2830 2172 2896 divinavi,
2207 2830 2449 2897 absolut,
2478 2831 2530 2887 d.
2552 2833 2589 2888 i.

1464 2904 1670 2958 keinen
1698 2903 1983 2972 Argwohn
2010 2902 2188 2966 hatte,
2225 2900 2316 2954 die
2345 2901 2592 2957 Zukunft

1464 2976 1625 3029 nicht
1651 2973 2100 3042 vorausgesehen
2125 2971 2288 3025 habe.
2319 3001 2386 3012 --
2413 2989 2594 3026 nunc

1466 3048 1740 3112 demum,
1799 3044 1960 3114 ‘jetzt
2005 3041 2352 3097 schliesslich
2399 3043 2592 3110 noch’,

1466 3133 1589 3170 cum
1649 3123 1762 3171 tam
1825 3117 1927 3170 diu
1989 3114 2280 3169 incolumis
2341 3114 2590 3168 vixerim.

1464 3187 1584 3240 Auf
1603 3187 1694 3240 die
1714 3186 1972 3256 Anklage
1999 3185 2058 3237 in
2077 3182 2292 3239 Betreff
2314 3183 2412 3238 des
2433 3187 2592 3240 Atta·

1465 3258 1554 3312 lus
1593 3259 1664 3327 (9.
1699 3261 1786 3326 17)
1824 3258 1962 3326 geht
1996 3254 2250 3310 Philotas
2285 3256 2446 3310 nicht
2481 3257 2588 3313 ein.

1539 3333 1623 3385 26.
1662 3329 1752 3382 At
1787 3329 1970 3382 enim.
2035 3326 2444 3398 Widerlegung
2477 3345 2592 3384 von

1466 3406 1517 3456 9.
1561 3405 1644 3454 18.
1683 3429 1751 3440 --
1789 3399 2181 3468 periculosa
2217 3399 2504 3453 libertas
2541 3417 2588 3454 c.

1464 3489 1589 3540 gen.
1625 3471 1705 3524 ist
1743 3469 1889 3524 hier:
1949 3469 2063 3524 ‘die
2102 3467 2448 3537 geffihrliche
2485 3470 2590 3524 Er—

1462 3542 1736 3608 hahnius,
1761 3541 1862 3594 das
1890 3539 2242 3609 gefahrliche
2269 3540 2588 3596 Vorrecht'.

1463 3611 1654 3666 Etwas
1699 3611 1900 3666 andere
1949 3617 1996 3664 3.
2049 3617 2132 3665 12.
2183 3617 2273 3666 16:
2321 3613 2590 3666 libertatis

1462 3684 1529 3736 in
1562 3683 1904 3738 admonendo
1938 3699 2062 3758 &9⁶
2095 3684 2188 3737 ius
2221 3683 2429 3737 habere.

1534 3759 1621 3810 27.
1659 3754 2023 3821 faciebam,
2060 3753 2216 3822 impf.
2258 3754 2330 3807 de
2365 3755 2587 3808 conatu.

1463 3824 1596 3894 Vgl.
1634 3825 1780 3878 auch
1814 3823 1971 3878 Brut.
2010 3823 2068 3876 in
2103 3823 2215 3880 Cic.
2255 3841 2383 3893 epp.
2425 3830 2508 3880 11.
2541 3831 2589 3878 1.

1466 3903 1497 3950 6
1545 3911 1803 3965 maynam
1856 3895 2130 3948 invidiam
2177 3896 2252 3949 iis
2293 3896 2590 3963 faciemus,-

1460 3968 1564 4021 Ov.
1581 3969 1715 4020 met.
1736 3972 1786 4020 4.
1810 3971 1912 4020 547
1940 3967 2212 4020 invidiam
2236 3966 2416 4032 faeere
2441 3965 2589 4022 deae.

1462 4069 1531 4078 -
1597 4038 1874 4106 diym'or
1945 4038 2108 4090 mihi
2175 4036 2587 4092 Alexander.

1462 4109 1716 4163 Deutsch
1761 4123 2010 4176 nupera:
2070 4107 2193 4162 mir
2237 4105 2476 4162 schien
2521 4123 2589 4162 es

1462 4179 1930 4234 Alexanders
1995 4178 2359 4247 vui-diget,
2434 4178 2590 4234 dass

1465 4267 1536 4304 er
1563 4268 1615 4304 u.
1639 4267 1680 4303 s.
1703 4267 1770 4303 w.
1793 4279 1859 4288 -
1879 4249 2206 4316 diynatus
2231 4248 2340 4303 mit
2358 4247 2590 4319 doppel·

1464 4325 1580 4376 tem
1609 4336 1722 4375 acc.
1744 4319 1850 4375 wie
1870 4320 2203 4392 dediqnatm·
2223 4326 2307 4374 11.
2328 4325 2412 4374 23.
2465 4321 2587 4375 Bei-

2635 592 2702 641 23

2635 858 2705 907 24

2634 1124 2703 1173 25

2634 1480 2703 1528 26

2632 1834 2700 1883 27

2632 2100 2701 2150 28

2630 2467 2698 2516 29
