3069 4749
822 161 1337 220 HISTORIARUM
1372 161 1813 218 ALEXANDRI
1851 163 2028 232 VIIII,
2066 169 2114 218 3.

282 327 587 392 humanis
652 327 1003 392 terminum
1068 325 1274 390 voluit
1348 345 1488 389 esse
1552 328 1806 390 natura.

2508 162 2634 227 177

285 417 593 500 gloriam,
668 436 831 499 quae
898 416 978 479 ad
1044 435 1307 478 manum
1372 413 1592 497 posita
1657 414 1804 478 est?
1877 415 1973 480 sic
2038 435 2290 499 quoque
2359 416 2639 481 occurrit

285 505 599 570 Oceanus,
664 504 811 570 Nisi
846 503 1052 568 mavis
1092 524 1326 586 errare,
1363 503 1798 585 pervenimus,
1835 523 1960 586 quo
1999 506 2114 567 tua
2149 504 2414 568 fortuna
2444 503 2638 569 ducit.

284 594 466 659 Haec
511 597 728 658 tecum
776 614 969 678 quam
1009 593 1148 655 sine
1184 593 1251 654 te
1290 613 1437 655 cum
1473 590 1578 655 his
1619 592 1797 674 loqui
1835 591 2056 675 malui,
2101 613 2236 657 non
2271 593 2370 656 uti
2407 593 2640 661 inirem
2679 603 2746 652 15

286 683 767 748 circumstantis
834 681 1150 745 exercitus
1216 679 1525 763 gratiam,
1599 678 1714 743 sed
1786 682 1860 744 ut
1931 701 2156 744 vocem
2229 680 2640 764 loquentium

180 771 265 836 13
286 772 504 854 potius
552 792 745 855 quam
792 769 1109 854 gemitum
1156 768 1704 832 murmurantium
1750 767 2046 832 audires?

284 861 453 924 tioni
518 858 769 924 Coenus
834 857 1156 941 inposuit,
1222 856 1467 921 clamor
1530 857 1813 941 undique
1877 877 2024 920 cum
2086 858 2348 940 ploratu
2413 858 2640 942 oritur,

286 969 523 1032 regem,
568 951 841 1031 patrem,
886 945 1223 1010 dominum
1262 945 1550 1009 confusis
1589 944 2061 1029 appellantium
2100 945 2386 1010 vocibus.
2470 946 2637 1010 Iam-
2679 959 2743 1006 17

286 1057 407 1120 que
462 1041 530 1099 et
584 1035 696 1100 alii
752 1035 945 1100 duces
1001 1033 1475 1118 praecipueque
1533 1035 1846 1116 331110133,
1903 1035 2044 1118 quis
2105 1034 2191 1099 ob
2245 1037 2528 1100 aetatem
2577 1039 2641 1098 et

284 1124 613 1188 excusatio
663 1123 1003 1188 honestior
1050 1127 1193 1187 erat
1239 1125 1305 1186 et
1351 1123 1705 1188 auctoritas
1754 1123 1980 1205 maior,
2025 1123 2250 1187 eadem
2288 1124 2641 1208 precaban-

287 1217 411 1277 tur.
492 1211 612 1276 Ille
658 1233 779 1276 nec
824 1211 1147 1296 castigare
1194 1210 1562 1276 obstinatos
1607 1231 1729 1276 nec
1774 1211 2078 1296 mitigare
2115 1215 2382 1295 poterat
2417 1213 2642 1276 iratos.
2683 1222 2748 1271 18

284 1301 514 1384 Itaque
550 1301 740 1384 inops
778 1299 1037 1366 consilii
1073 1299 1331 1364 desiluit
1370 1321 1403 1363 e
1440 1299 1758 1364 tribunali
1793 1300 2134 1383 claudique
2171 1301 2422 1384 regiam
2448 1300 2644 1364 iussit

288 1390 589 1542 onznibus
635 1393 895 1473 praeter
932 1388 1233 1452 adsuetos
1274 1387 1449 1452 adire
1484 1388 1854 1471 prohibitis.

168 1509 171 1512 ⁴
285 1499 355 1542 es
391 1529 405 1542 .

288 1588 476 1650 sax0,
534 1570 1025 1630 monumentum
1082 1565 1513 1648 expeditionis
1563 1587 1742 1648 suae,
1789 1566 2195 1630 munimenta
2242 1588 2496 1651 quoque
2544 1589 2646 1630 ca-

288 1659 578 1718 strorum
633 1655 831 1718 iussit
876 1654 1135 1719 extendi
1181 1653 1550 1737 cubiliaque
1599 1654 1934 1737 amplioris
1981 1655 2230 1719 formae
2287 1677 2476 1739 quam
2525 1677 2645 1739 pro

268 1764 633 1826 ‚corporum
676 1742 909 1807 habitu
952 1743 1257 1827 relinqui,
1302 1746 1379 1806 ut
1424 1743 1706 1826 speciem
1755 1743 2042 1808 omnium
2083 1748 2378 1828 augeret,
2423 1747 2642 1826 poste-

290 1831 478 1895 ritati
522 1832 723 1895 fallax
770 1831 1157 1896 miraculum
1202 1851 1617 1915 praeparans.

469 1917 641 1984 Hinc
694 1917 1021 2004 repetem,
1078 1941 1241 2004 quae
1300 1941 1598 1985 emensus
1655 1924 1822 2004 erat,
1879 1920 1961 1984 ad
2015 1919 2255 1985 flumen
2300 1920 2646 1985 Acesinem
2683 1932 2752 1980 20

876 2008 978 2073 lbi
1041 2008 1211 2072 forte
1268 2005 1523 2073 Coenus
1589 2009 1818 2074 morbo
1885 2008 2208 2074 extinctus
2273 2013 2400 2074 est:
2467 2011 2648 2074 3111113

293 2008 470 2073 locat
533 2011 767 2072 castra.

291 2099 501 2161 morte
537 2097 861 2182 ingemuit
897 2096 1156 2181 quidem
1193 2118 1323 2181 rex,
1370 2095 1610 2162 adiecit
1641 2100 1880 2180 tamen,
1925 2102 2193 2182 propter
2229 2119 2468 2182 paucos
2508 2098 2644 2162 dies

291 2185 557 2269 longam
606 2187 969 2250 orationem
1016 2207 1164 2249 eum
1211 2207 1538 2268 exorsum,
1591 2189 1924 2270 tamquam
1977 2187 2151 2250 solus
2196 2185 2646 2252 Macedoniam

291 2274 549 2338 visurus
610 2277 799 2338 esset.
888 2273 1029 2339 Iam
1086 2276 1158 2340 in
1204 2295 1372 2359 aqua
1417 2275 1678 2358 classis,
1733 2296 1930 2359 quam
1979 2275 2309 2340 aedificari
2352 2276 2649 2361 iusserat,
2687 2288 2756 2336 21

640 2362 822 2428 Inter
886 2363 1047 2428 haec
1111 2361 1421 2428 Memnon
1497 2386 1578 2428 ex
1641 2363 1922 2430 Thracia
1993 2364 2065 2429 in
2131 2365 2651 2450 supplementum

292 2363 531 2428 stabat.

292 2452 587 2535 equitum
644 2470 692 2516 v
738 2453 947 2535 milia,
1002 2456 1263 2535 praeter
1320 2474 1431 2517 303
1490 2454 1574 2517 ab
1621 2452 1914 2539 Harpalo
1969 2455 2264 2537 peditum
2309 2472 2411 2519 v11
2468 2455 2650 2519 milia

296 2540 653 2605 adduxerat
700 2562 1007 2625 armaque
1054 2558 1199 2607 xxv
1244 2542 1510 2606 milibus
1569 2564 1726 2607 auro
1765 2540 1842 2607 ‘et
1889 2547 2162 2626 argento
2211 2542 2462 2609 caelata
2507 2566 2652 2629 per-

372 2701 454 2750 14.
512 2712 743 2751 errare
789 2714 830 2748 s.
870 2715 923 2751 v.
972 2713 1023 2751 a.
1071 2698 1419 2751 πλανᾶσθαι.

298 2766 411 2820 Das
447 2767 613 2821 Wort
645 2766 725 2820 ist
758 2766 949 2821 sohar-f
979 2767 1195 2822 betont.

372 2844 453 2891 17.
494 2838 870 2905 eoecusatio,
908 2838 959 2893 d.
994 2838 1046 2891 h.
1076 2837 1169 2893 die
1196 2837 1421 2907 Weige-

296 2908 1423 3034 11181318ξέθέἒέξῖᾓέῑῖθὲἒῖῗᾞί

297 3050 799 3188 ὼῗέἴθῖὶόὐεναε,
848 3120 1097 3175 1131311311
1138 3136 1241 3175 vo‘r
1286 3121 1421 3175 Auf-

214 3239 218 3243 .
296 3206 527 3261 regung.
550 3222 617 3232 —
638 3209 665 3245 e
692 3192 1038 3246 tribunali
1064 3192 1155 3245 fiir
1181 3193 1247 3247 de
1274 3194 1422 3259 trib„

294 3263 401 3316 wie
434 3268 516 3317 10.
538 3269 588 3317 2.
609 3269 679 3317 30
708 3264 875 3317 steht.
948 3263 1109 3317 Aueh
1138 3262 1422 3317 Classiker

296 3350 469 3403 sagen
514 3332 807 3388 bisweilen
852 3350 920 3388 eae
955 3350 1114 3402 equ0,
1159 3336 1297 3388 navi
1332 3336 1420 3389 de-

294 3406 448 3459 silire
484 3422 537 3459 u.
576 3404 755 3474 dergl.
786 3433 852 3443 —
894 3405 1233 3469 adsuetae,
1270 3406 1421 3459 wohl

294 3475 457 3529 nicht
490 3475 581 3529 die
617 3478 847 3531 adsueta
882 3476 1133 3529 custodia
1166 3476 1311 3544 regis
1346 3477 1417 3544 (3.

296 3550 347 3598 9.
404 3547 486 3613 4),
550 3546 791 3601 sondern
855 3546 947 3601 die
1006 3548 1421 3601 vertrautesten

294 3614 567 3669 Freunde.

373 3691 455 3739 19.
495 3687 695 3741 tertio
731 3688 866 3754 die,
900 3686 1181 3742 nachdem
1210 3704 1273 3742 er
1298 3704 1423 3743 ver-

295 3756 526 3826 geblich
589 3756 689 3810 auf
748 3757 873 3812 eine
934 3756 1424 3841 Sinuesanderung

296 3828 395 3881 des
458 3826 669 3881 Heeres
732 3829 847 3881 und
910 3830 1171 3899 gunstige
1228 3830 1423 3900 Opfer-

296 3898 527 3953 zeichen
548 3898 639 3952 fiir
659 3898 766 3953 den
786 3898 1123 3970 Uebergang
1147 3900 1286 3955 fiber
1313 3901 1425 3955 den

295 3968 544 4038 Hypasis
581 3972 855 4039 gevattet
890 3972 1075 4039 hatte,
1128 3988 1167 4025 s
1208 3970 1331 4025 Arr.
1371 3979 1421 4025 5.

300 4044 384 4095 28.
415 4070 487 4081 —-
523 4042 875 4096 duodecim
912 4057 1070 4096 aras
1098 4068 1166 4087 =
1198 4038 1425 4113 βωμοὺς

297 4111 409 4164 τῶν
458 4108 687 4166 δώδεκα
731 4112 894 4166 θεῶν
940 4112 1032 4167 bei
1079 4059 1319 4167 1)10(101μ
1356 4144 1422 4153 —

299 4184 593 4237 enitendi.
659 4183 848 4237 Justin
880 4187 986 4251 (12.
1018 4185 1100 4253 8),
1136 4183 1327 4237 indem
1364 4201 1424 4239 er

302 4250 556 4308 dasselbe
590 4252 822 4321 erzahlt,
862 4256 1014 4325 sagt.
1053 4260 1239 4309 castra
1263 4256 1423 4309 solito

301 4324 778 4392 maynificentiora
821 4326 945 4392 fieri
988 4325 1167 4380 iussit.
1208 4356 1275 4364 —
1313 4342 1423 4380 ew·

412 4420 601 4475 vom,
632 4422 1002 4473 Q.Curtius.11.

1530 2699 1732 2764 bilia,
1765 2698 2344 2769 ‘Lagerstattenss
2373 2700 2496 2753 hier
2525 2718 2567 2757 3.
2597 2718 2651 2754 v.

1532 2786 1634 2823 aw.
1655 2769 1926 2835 cubicula,
1946 2771 2284 2825 tentoriaae-
2218 2786 2494 2839 -quam
2520 2786 2652 2841 pro

1534 2840 1777 2893 habitu
1811 2838 1920 2894 wie
1958 2844 2009 2894 5
2047 2846 2222 2895 2.13.

1602 2916 1688 2963 20.
1755 2912 1844 2965 ad
1903 2912 2182 2977 flumen
2245 2911 2652 2981 Acesinem,

1531 2980 1736 3037 ebenso
1755 2980 1917 3035 Diod.
1937 2999 1990 3035 u.
2009 2980 2212 3035 Justin.
2269 2980 2430 3035 Nach
2451 2955 2654 3037 Arrian

1530 3052 1646 3105 und
1713 3052 1958 3107 anderen
2017 3052 2493 3121 zuverlassigeren
2549 3052 2653 3107 Ge-

1530 3123 1986 3177 wahrsmannern
2041 3122 2258 3178 schiffte
2317 3122 2434 3178 sich
2493 3122 2651 3177 Alex.

1530 3193 1634 3247 auf
1663 3194 1792 3248 dem
1825 3194 2113 3264 Hydaspes
2151 3194 2242 3250 ein
2269 3192 2386 3248 und
2412 3192 2651 3263 erfolgte

1530 3280 1604 3318 an
1641 3263 1853 3319 diesem
1890 3265 1990 3319 der
2026 3264 2148 3320 Tod
2183 3266 2280 3319 des
2317 3264 2548 3320 Coenus.
2585 3296 2655 3306 --

1528 3350 1860 3402 eoeorswm,
1889 3336 2266 3391 anscheinend
2285 3337 2385 3391 der
2403 3338 2443 3390 t.
2459 3338 2500 3391 t.
2525 3352 2657 3392 vom

1528 3406 1830 3461 Anzetteln
1847 3406 1998 3461 eines
2019 3406 2285 3463 Gewebes
2304 3409 2476 3475 (tela).
2525 3408 2652 3477 Vgl.

1520 3484 1770 3545 pertexe,
1798 3480 1946 3547 quod
1971 3494 2196 3533 exorsus
2222 3494 2304 3545 e3,
2334 3478 2445 3533 Cic.
2477 3478 2546 3532 de
2573 3494 2652 3533 01.

1488 3554 1580 3607 ,2.
1623 3553 1742 3603 145.
1803 3580 1866 3588 —
1914 3551 2124 3618 solus,
2180 3549 2232 3605 d.
2269 3551 2326 3605 h.
2374 3548 2522 3605 hier:
2574 3549 2656 3603 im

1530 3618 1824 3673 Nothfalle
1862 3620 2093 3675 allein.

1601 3696 1689 3743 21.
1745 3692 2000 3757 stabat;
2051 3692 2257 3761 analog
2301 3692 2400 3746 der
2445 3692 2656 3746 Phrase

1530 3776 1697 3815 ‘naves
1744 3766 1904 3815 eunt
1945 3766 2104 3832 sagte
2140 3778 2274 3817 man
2310 3761 2456 3817 auch
2491 3779 2657 3817 naves

1529 3837 1722 3886 stant
1755 3832 1820 3885 in
1855 3850 2017 3902 aqua.
2096 3833 2223 3903 Vgl.
2267 3834 2439 3887 unten
2478 3839 2527 3888 9.
2561 3839 2653 3899 19;

1532 3902 1690 3957 Caes.
1730 3904 1780 3959 b.
1821 3920 1866 3958 3.
1907 3910 1956 3958 2.
1995 3908 2080 3957 25.
2157 3904 2265 3957 Zur
2303 3904 2482 3958 Sache
2521 3922 2564 3960 s.
2607 3912 2654 3960 1.

1531 3980 1582 4030 4.
1624 4004 1688 4015 —-
1733 3976 1809 4028 M
1815 3992 2069 4041 emnow,
2124 3974 2468 4029 unbekannt.
2551 3974 2656 4030 Die

1530 4046 1803 4115 Angaben
1859 4043 2098 4100 Diodors
2159 4046 2298 4099 siber
2353 4045 2506 4099 diese
2563 4062 2658 4099 am

1532 4116 1796 4171 Acesines
1849 4134 1919 4169 zu
1968 4116 2125 4170 Alex.
2181 4116 2510 4171 stossenden
2555 4117 2656 4170 Er-

1532 4189 1893 4267 satztruppen
1949 4186 2202 4241 weichen
2263 4205 2368 4240 nur
2430 4186 2490 4242 in
2546 4188 2654 4243 den

1532 4256 1738 4312 Zifl'ern
1784 4258 1871 4312 ab.
1921 4288 1988 4297 —
2036 4258 2114 4312 ab
2161 4258 2501 4327 Har-pale,
2559 4260 2656 4313 da·

1530 4329 1675 4383 mals
1723 4328 2094 4383 Schatzht’iter
2135 4346 2202 4382 zu
2246 4329 2562 4399 Ecbatana,
2611 4348 2654 4385 s.

2163 4424 2228 4471 12

1915 323 2048 390 Cur
2121 326 2386 390 circuitu
2461 327 2632 410 petis
2674 337 2745 386 14

2129 768 2222 834 Ut
2265 770 2460 834 finem
2501 791 2639 834 013-
2679 781 2745 830 16

1926 1387 2209 1452 Biduum
2245 1391 2380 1454 irae
2419 1389 2642 1454 datum
2683 1401 2751 1449 19

497 1476 719 1542 Tertio
768 1478 873 1541 die
925 1477 1243 1561 processit
1288 1477 1580 1560 erigique
1625 1476 1959 1541 duodecim
2009 1499 2156 1541 aras
2205 1499 2280 1542 ex
2329 1479 2644 1563 quadrato
