3069 4749
832 151 1343 207 HISTORIARUM
1379 149 1811 206 ALEXANDRI
1847 150 1998 219 VIII,
2038 156 2121 206 14.
2524 150 2651 216 159

309 318 584 384 mobiles
659 338 882 382 currus
957 315 1202 380 inluvie
1273 335 1348 380 ac
1424 313 1843 399 voraginibus
1919 314 2293 381 haerebant.
2409 311 2654 380 Oontra
2690 332 2722 381 5

308 407 672 472 Alexander
699 404 1002 490 expedito
1033 425 1108 468 ac
1143 403 1269 469 levi
1297 402 1559 486 agmine
1588 407 1846 470 strenue
1873 403 2165 469 invectus
2194 408 2313 470 est.
2367 402 2653 488 Scythae

309 500 378 560 et
411 495 638 562 Dahae
683 494 880 579 primi
917 491 1205 558 omnium
1239 492 1532 558 invasere
1568 489 1791 577 Indos,
1836 491 2208 558 Perdiccam
2244 492 2476 558 deinde
2506 514 2653 558 cum

307 584 634 670 equitibus
701 583 772 648 in
835 582 1134 648 dextrum
1198 602 1395 646 cornu
1465 578 1758 645 hostium
1829 581 2063 646 emisit.
2168 579 2311 647 Iam
2372 581 2655 666 undique
2692 599 2723 647 6

305 693 639 828 ξέξῗιῗαέῗ
687 673 1006 827 Ξῖῖἰῖἓ’
1014 689 1198 824 riuum
1210 690 1478 823 0323?
1489 690 1762 823 1133}ssss
1790 669 2302 824 “ffbfflffiffld
2310 670 2655 825 (1ἳὲᾞὲ

307 872 492 916 ruere
557 852 922 932 coeperunt.
1018 847 1274 929 Anceps
1327 846 1396 910 id
1451 847 1695 911 malum
1748 846 2041 931 utrisque
2096 851 2254 914 erat.
2356 847 2530 913 Nam
2589 851 2722 913 et‘z

306 937 732 1005 Macedonum
777 937 1029 1020 pedites
1074 936 1286 1020 primo
1332 935 1583 1018 impetu
1629 935 2093 1002 obterebantur
2130 940 2197 1001 et
2239 957 2357 1020 per.
2400 935 2655 1001 lubrica

308 1031 504 1110 atque
547 1025 726 1092 invia
771 1023 1027 1090 inmissi
1073 1045 1299 1090 currus
1337 1023 1753 1088 excutiebant
1798 1045 1934 1108 eos,
1982 1047 2020 1088 a
2066 1025 2303 1108 quibus
2339 1025 2652 1109 regeban-

303 1120 440 1180 tur:
496 1115 775 1182 aliorum
829 1113 1076 1179 turbati
1121 1113 1272 1197 equi
1314 1133 1445 1177 non
1489 1111 1559 1176 in
1613 1113 1959 1199 voragines
2006 1113 2199 1180 modo
2244 1114 2653 1198 lacunasque,
2691 1131 2722 1179 s

307 1205 418 1269 sed
491 1205 687 1270 etiam
759 1203 826 1268 in
904 1223 1160 1268 amnem
1233 1201 1743 1286 praecipitavere
1818 1202 2161 1287 curricula,
2239 1202 2431 1287 pauci
2500 1202 2651 1268 telis
2691 1220 2722 1267 9

303 1291 592 1358 hostium
640 1291 853 1358 exacti
897 1296 1316 1375 penetravere
1363 1290 1446 1356 ad
1489 1289 1736 1356 Porum
1792 1291 2100 1356 acerrime
2154 1312 2441 1377 pugnam
2487 1291 2655 1358 cien-

194 1383 286 1449 48
305 1385 458 1447 tem.
534 1381 629 1464 Is,
674 1384 748 1445 ut
792 1381 1144 1464 dissipatos
1191 1383 1333 1446 tota
1379 1379 1514 1445 acie
1560 1401 1783 1444 currus
1828 1381 2057 1464 vagari
2103 1380 2242 1446 sine
2288 1381 2649 1447 rectoribus

306 1469 497 1556 vidit,
570 1469 884 1554 proximis
959 1469 1314 1534 amicorum
1386 1467 1723 1533 distribuit
1794 1467 2193 1553 elephantos,
2304 1469 2467 1535 Post
2539 1491 2650 1534 eos
2693 1487 2757 1534 10

304 1563 616 1642 posuerat
660 1557 942 1644 peditem
989 1579 1063 1622 ac
1109 1556 1488 1642 sagittarios
1536 1562 1595 1622 et
1635 1561 1945 1642 tympana
1989 1558 2247 1642 pulsare
2284 1558 2547 1624 solitos:
2586 1557 2653 1622 id

304 1669 424 1732 pro
471 1650 666 1712 cantu
709 1647 1013 1712 tubarum
1059 1644 1236 1712 Indis
1283 1649 1442 1711 erat.
1527 1645 1668 1710 Nec
1716 1647 1993 1730 strepitu
2041 1669 2263 1712 eorum
2306 1647 2654 1713 moveban-

305 1739 440 1817 tur,
485 1735 644 1800 olim
691 1735 773 1800 ad
817 1739 1045 1800 notum
1091 1756 1321 1800 sonum
1367 1734 1632 1800 auribus
1679 1734 2021 1819 mitigatis.
2100 1735 2399 1800 Herculis
2452 1735 2649 1801 simu·
2692 1752 2755 1799 11

307 1824 554 1890 lacrum
591 1823 839 1908 agmini
875 1823 1163 1907 peditum
1198 1823 1697 1907 praeferebatur.
1760 1822 1835 1888 Id
1863 1824 2218 1889 maximum
2246 1827 2387 1890 erat
2412 1824 2655 1890 bellan-

305 1912 484 1977 tibus
541 1912 1033 1978 incitamentum
1088 1915 1155 1976 et
1209 1912 1567 1978 deseruisse
1614 1916 1947 1997 gestantes
1994 1913 2275 1978 militare
2330 1912 2653 1998 flagitium

305 2000 693 2066 habebatur:
755 2001 990 2084 capitis
1045 2001 1242 2066 etiam
1300 2004 1648 2066 sanxerant
1702 2022 1979 2085 poenam
2032 2002 2147 2085 iis,
2211 2001 2320 2086 qui
2376 2024 2453 2066 ex
2518 2000 2652 2066 acie
2694 2011 2789 2065 12·

305 2112 437 2155 ιιοιι
490 2089 926 2173 rettulissent,
989 2093 1194 2172 metu,
1255 2110 1446 2172 quem
1501 2110 1581 2154 ex
1633 2089 1749 2155 illo
1802 2089 1994 2155 hoste
2058 2090 2379 2174 quondam
2437 2110 2653 2155 conce-

301 2183 564 2262 perant,
609 2179 810 2244 etiam
855 2177 924 2242 in
969 2177 1352 2261 religionem
1391 2177 2005 2263 venerationemque
2042 2201 2371 2244 converso,
2440 2176 2653 2243 Mace·

303 2268 506 2334 donas
559 2289 693 2332 non
758 2266 1092 2332 beluarum
1147 2266 1365 2350 modo,
1429 2267 1543 2332 sed
1598 2267 1795 2332 etiam
1854 2267 2062 2350 ipsius
2118 2268 2291 2354 regis
2358 2269 2653 2350 aspectus

302 2379 651 2441 parumper
697 2355 998 2423 inhibuit.
1091 2353 1336 2422 Beluae
1390 2355 1745 2440 dispositae
1806 2356 1974 2422 inter
2028 2360 2315 2423 armatos
2374 2355 2655 2441 speciem
2696 2377 2759 2424 13

302 2446 582 2511 turrium
645 2446 872 2529 procul
940 2446 1255 2530 fecerant,
1321 2444 1463 2529 ipse
1526 2445 1735 2511 Porus
1801 2445 2121 2511 humanae
2189 2445 2655 2549 magnitudinis

303 2533 772 2617 propemodum
801 2538 1164 2600 excesserat
1197 2535 1494 2600 formam.
1567 2533 2085 2620 Magnitudinem
2121 2536 2370 2619 corpori
2407 2534 2655 2600 adicere

306 2621 648 2686 videbatur
691 2623 910 2701 belua,
959 2645 1087 2707 qua
1121 2623 1502 2706 vehebatur,
1549 2627 1808 2689 tantum
1852 2624 2023 2689 inter
2061 2628 2307 2689 ceteras
2346 2624 2655 2709 eminens,

309 2713 554 2794 quanto
603 2710 749 2775 aliis
805 2711 944 2795 ipse
997 2711 1392 2794 praestabat.
1480 2710 1710 2797 Itaque
1757 2713 2123 2779 Alexander
2178 2713 2654 2796 contemplatus
2695 2736 2761 2783 14

311 2801 378 2863 et
430 2818 649 2883 regem
705 2801 772 2863 et
827 2818 1060 2881 agmen
1113 2797 1451 2879 Indorum,
1519 2800 1872 2885 eTandem',
1926 2802 2166 2885 inquit,
2230 2800 2374 2887 ‘par
2436 2801 2653 2866 animo

382 3015 432 3064 6.
461 3024 694 3077 puyna
727 3024 791 3063 se
824 3013 1139 3075 moverat,
1177 3006 1430 3063 cineum
1536 3011 1739 3064 rausch
1800 3010 2137 3081 gegenuber.
2192 3041 2259 3051 -
2312 3011 2657 3080 mitiyatis

349 3078 695 3134 ewohnliche
722 3079 949 3135 Phrase.
995 3078 1134 3134 Eine
1165 3077 1429 3135 ahnliche
1537 3078 1642 3135 wie
1680 3086 1818 3137 9.2.
1860 3087 1952 3147 16·
2000 3078 2336 3151 Gegensatz:
2380 3082 2652 3152 pavidum

355 3148 769 3207 ersonifioation
805 3156 836 3217 ξ
877 3157 908 3205 7
952 3166 1150 3206 currus
1194 3151 1426 3206 eaecutie·
1537 3152 1613 3207 ad
1648 3153 1835 3207 omm'a
1870 3122 2083 3207 animal
2119 3158 2149 3219 ξ
2186 3159 2273 3209 23.

307 3222 459 3278 bant.
1610 3237 1693 3286 11.
1721 3232 2057 3287 Herculis.
2095 3232 2269 3287 Wohl
2296 3232 2394 3288 des
2420 3232 2649 3289 Vishnu.

375 3310 1430 3381 9.exacti,verjagt,gescheucht
1533 3302 1718 3357 Ueber
1773 3307 2041 3373 yoetantae
2094 3302 2174 3359 im
2225 3304 2581 3375 Folgenden‘
2608 3321 2650 3358 ⁸·

307 3382 414 3436 wie
450 3387 480 3447 ξ
517 3388 586 3437 30
622 3384 996 3453 exiyebantwr.
1034 3413 1102 3422 —-
1139 3382 1286 3437 sine
1323 3397 1425 3437 re·
1531 3372 1677 3428 Eml·
1718 3379 1748 3439 ἓ
1789 3379 1818 3428 7
1858 3390 1909 3431 8·-

309 3454 612 3509 ctoribus
657 3452 734 3508 ist
767 3452 954 3508 nicht.
971 3452 1088 3509 viel
1121 3452 1281 3507 mehr
1315 3451 1424 3507 als·
1607 3467 1691 3516 12
1736 3467 1910 3517 metu
1959 3478 2273 3519 converso
2322 3463 2526 3546 gehbrt
2568 3463 2653 3517 als

312 3522 455 3576 ohne
492 3523 704 3578 sichero
739 3522 1005 3607 Leitung3
1055 3523 1204 3579 denn
1249 3540 1308 3578 es
1351 3524 1430 3579 ist
1531 3533 1911 3604 Erlauterung
1953 3551 2021 3587 zu
2067 3532 2221 3589 allon
2263 3533 2385 3589 drei
2428 3533 2653 3589 vorher-

313 3591 708 3649 ausdruoklioh
769 3594 1072 3664 berichem
1131 3595 1259 3650 (1888
1321 3612 1428 3649 Bm·
1533 3603 1826 3675 gehenden
1846 3603 2063 3659 Satzen.
2118 3604 2232 3661 Der
2256 3604 2654 3659 Schriflzsteller

313 3678 424 3717 von
459 3662 685 3733 einigen
710 3664 926 3735 Wagen
965 3666 1056 3720 die
1084 3665 1306 3721 Lenker
1333 3666 1426 3721 ab·
1533 3675 1713 3731 denkt
1756 3692 1831 3730 an
1875 3674 1985 3731 den
2032 3675 2401 3747 sagenhaften
2444 3674 2653 3729 Erobe-

312 3733 598 3803 geworfen
632 3735 857 3791 worden
894 3753 1096 3792 waren.
1476 3750 1483 3754 “
1532 3764 1815 3817 rungszug
1844 3745 1941 3801 des
1970 3746 2359 3817 griechischen
2379 3744 2653 3801 Herakles

385 3828 468 3877 10.
506 3824 953 3879 movebantur.
1010 3824 1274 3881 Gemeint
1303 3824 1430 3879 sind
1537 3817 1713 3873 durch
1748 3816 1959 3873 Indien

311 3892 494 3949 sicher
559 3893 650 3949 die
713 3891 815 3949 Ele
855 3895 1092 3964 banton,
1156 3895 1258 3951 das
1319 3894 1425 3951 Ge-
1610 3903 1695 3955 13.
1726 3898 1910 3953 inter
1946 3902 2254 3954 armatae.
2320 3895 2487 3951 Diese
2513 3913 2653 3950 wur-

313 3964 762 4035 dankensubjekt
833 3982 894 4021 er
1043 3983 1141 4022 zen
1167 3966 1214 4021 Ε
1217 3964 1428 4036 pisode.
1537 3968 1647 4023 den
1674 3968 1925 4024 sichtbar
1961 3967 2136 4023 durch
2173 3967 2264 4023 die
2291 3966 2521 4022 Lficken
2556 3965 2655 4021 der

310 4034 450 4091 Eine
479 4036 684 4091 ebenso
721 4036 883 4092 barte
961 4037 1062 4107 llip
1067 4054 1124 4093 se
1161 3984 1260 4093 del}
1289 4036 1429 4093 Sub-
1537 4056 1638 4095 vor
1698 4039 1797 4095 der
1849 4040 2025 4095 Front
2078 4037 2477 4109 ausgestellten
2528 4037 2653 4092 Ele-

303 4104 458 4175 jekts
512 4126 557 4164 z.
614 4107 673 4161 B.
730 4107 873 4162 oben
929 4114 976 4163 9.
1025 4114 1076 4164 8.
1157 4107 1306 4164 Oder
1353 4107 1432 4165 ist
1533 4110 1957 4180 phantenreihe.
1975 4114 2464 4176 -eaecesserat,
2484 4107 2652 4163 nami.

312 4178 459 4232 etwa
520 4178 708 4233 beluae
763 4178 898 4248 (vgl.
956 4185 986 4244 ξ
1037 4185 1268 4246 12ς13ς
1321 4182 1428 4248 16.)
1536 4182 1715 4237 durch
1750 4181 1859 4236 den
1893 4181 2080 4236 hohen
2117 4179 2255 4248 Sitz,
2293 4179 2403 4235 den
2443 4196 2504 4235 er
2540 4177 2654 4233 ein·

313 4262 412 4301 aus
413 4248 693 4317 gesallen?
721 4278 792 4289 -—
825 4250 910 4304 ad
942 4255 1168 4306 notum
1201 4266 1431 4305 sonum
1537 4268 1873 4321 genommen
1888 4252 2108 4317 hatte
2129 4252 2438 4349 zuspeciem
2455 4251 2656 4333 fecerat

315 4316 367 4372 d.
403 4318 458 4372 h.
497 4318 709 4373 diesem
754 4319 928 4375 ihnen
968 4320 1289 4377 bekannten
1325 4320 1429 4376 Ge·
1536 4323 1649 4393 vgl.
1701 4329 1782 4378 13.
1831 4328 1879 4378 8.
1934 4352 2001 4363 —-·
2052 4323 2347 4391 corpori,
2395 4321 2649 4377 seiner
