<?xml version="1.0" encoding="UTF-8"?>
<!DOCTYPE html PUBLIC "-//W3C//DTD XHTML 1.0 Transitional//EN"
    "http://www.w3.org/TR/xhtml1/DTD/xhtml1-transitional.dtd">
<html xmlns="http://www.w3.org/1999/xhtml" xml:lang="en" lang="en">
 <head>
  <title>
</title>
<meta http-equiv="Content-Type" content="text/html;charset=utf-8" />
  <meta name='ocr-system' content='tesseract 3.04.00' />
  <meta name='ocr-capabilities' content='ocr_page ocr_carea ocr_par ocr_line ocrx_word'/>
</head>
<body>
  <div class='ocr_page' id='page_1' title='image "./qcurtirufihisto00vogegoog_0180.png"; bbox 0 0 3069 4749; ppageno 0'>
   <div class='ocr_carea' id='block_1_1' title="bbox 408 171 1852 236">
    <p class='ocr_par' dir='ltr' id='par_1_1' title="bbox 408 171 1852 236">
     <span class='ocr_line' id='line_1_1' title="bbox 408 171 1852 236; baseline -0.008 -2"><span class='ocrx_word' id='word_1_1' title='bbox 408 171 540 236; x_wconf 84' lang='lat'><strong>170</strong></span> <span class='ocrx_word' id='word_1_2' title='bbox 1322 174 1383 236; x_wconf 81' lang='lat' dir='ltr'><strong>Q.</strong></span> <span class='ocrx_word' id='word_1_3' title='bbox 1425 172 1646 227; x_wconf 77' lang='lat' dir='ltr'><strong>cmm</strong></span> <span class='ocrx_word' id='word_1_4' title='bbox 1679 173 1852 224; x_wconf 76' lang='lat' dir='ltr'>RUFI</span> 
     </span>
    </p>
   </div>
   <div class='ocr_carea' id='block_1_2' title="bbox 167 299 2756 423">
    <p class='ocr_par' dir='ltr' id='par_1_2' title="bbox 167 299 2756 423">
     <span class='ocr_line' id='line_1_2' title="bbox 167 299 2756 423; baseline 0.008 -33"><span class='ocrx_word' id='word_1_5' title='bbox 167 299 251 423; x_wconf 52' lang='lat' dir='ltr'><strong>,fv</strong></span> <span class='ocrx_word' id='word_1_6' title='bbox 299 343 365 393; x_wconf 87' lang='lat'><strong>13</strong></span> <span class='ocrx_word' id='word_1_7' title='bbox 405 354 673 417; x_wconf 88' lang='lat' dir='ltr'><strong>corpora</strong></span> <span class='ocrx_word' id='word_1_8' title='bbox 725 332 1288 417; x_wconf 86' lang='lat' dir='ltr'><strong>praeterfluentem</strong></span> <span class='ocrx_word' id='word_1_9' title='bbox 1344 355 1580 417; x_wconf 89' lang='lat' dir='ltr'><strong>aquam</strong></span> <span class='ocrx_word' id='word_1_10' title='bbox 1635 332 1849 397; x_wconf 89' lang='lat' dir='ltr'><strong>hianti</strong></span> <span class='ocrx_word' id='word_1_11' title='bbox 1915 354 2026 398; x_wconf 92' lang='lat' dir='ltr'><strong>ore</strong></span> <span class='ocrx_word' id='word_1_12' title='bbox 2091 308 2481 422; x_wconf 58' lang='lat' dir='ltr'><strong>captantes-J</strong></span> <span class='ocrx_word' id='word_1_13' title='bbox 2542 332 2756 409; x_wconf 71' lang='lat' dir='ltr'><strong>Quam</strong></span> 
     </span>
    </p>
   </div>
   <div class='ocr_carea' id='block_1_3' title="bbox 150 420 2870 3345">
    <p class='ocr_par' dir='ltr' id='par_1_3' title="bbox 150 420 2757 595">
     <span class='ocr_line' id='line_1_3' title="bbox 150 420 2757 507; baseline 0 -21"><span class='ocrx_word' id='word_1_14' title='bbox 150 430 172 500; x_wconf 68' lang='grc' dir='ltr'><strong>,Ι</strong></span> <span class='ocrx_word' id='word_1_15' title='bbox 403 443 546 486; x_wconf 90' lang='lat' dir='ltr'><strong>cum</strong></span> <span class='ocrx_word' id='word_1_16' title='bbox 604 422 788 486; x_wconf 88' lang='lat' dir='ltr'><strong>avide</strong></span> <span class='ocrx_word' id='word_1_17' title='bbox 846 421 1177 487; x_wconf 74' lang='lat' dir='ltr'><strong>turbidam</strong></span> <span class='ocrx_word' id='word_1_18' title='bbox 1233 420 1634 502; x_wconf 72' lang='lat' dir='ltr'><strong>hausissent,</strong></span> <span class='ocrx_word' id='word_1_19' title='bbox 1687 420 2120 487; x_wconf 74' lang='lat' dir='ltr'><strong>tendebantur</strong></span> <span class='ocrx_word' id='word_1_20' title='bbox 2175 422 2500 507; x_wconf 88' lang='lat' dir='ltr'><strong>extemplo</strong></span> <span class='ocrx_word' id='word_1_21' title='bbox 2568 443 2757 506; x_wconf 88' lang='lat' dir='ltr'><strong>prae-</strong></span> 
     </span>
     <span class='ocr_line' id='line_1_4' title="bbox 400 509 2754 595; baseline 0.001 -21"><span class='ocrx_word' id='word_1_22' title='bbox 400 510 621 576; x_wconf 90' lang='lat' dir='ltr'><strong>cordia</strong></span> <span class='ocrx_word' id='word_1_23' title='bbox 655 513 987 593; x_wconf 80' lang='lat' dir='ltr'><strong>premente</strong></span> <span class='ocrx_word' id='word_1_24' title='bbox 1015 510 1174 577; x_wconf 90' lang='lat' dir='ltr'><strong>limo</strong></span> <span class='ocrx_word' id='word_1_25' title='bbox 1216 509 1646 594; x_wconf 87' lang='lat' dir='ltr'><strong>resolutisque</strong></span> <span class='ocrx_word' id='word_1_26' title='bbox 1683 513 1752 574; x_wconf 87' lang='lat' dir='ltr'><strong>et</strong></span> <span class='ocrx_word' id='word_1_27' title='bbox 1785 510 2200 595; x_wconf 84' lang='lat' dir='ltr'><strong>torpentibus</strong></span> <span class='ocrx_word' id='word_1_28' title='bbox 2237 511 2566 592; x_wconf 84' lang='lat' dir='ltr'><strong>membris,</strong></span> <span class='ocrx_word' id='word_1_29' title='bbox 2605 531 2754 576; x_wconf 88' lang='lat' dir='ltr'><strong>cum</strong></span> 
     </span>
    </p>

    <p class='ocr_par' dir='ltr' id='par_1_4' title="bbox 297 598 2770 861">
     <span class='ocr_line' id='line_1_5' title="bbox 297 598 2759 682; baseline 0.003 -26"><span class='ocrx_word' id='word_1_30' title='bbox 297 608 364 657; x_wconf 83' lang='lat'><strong>14</strong></span> <span class='ocrx_word' id='word_1_31' title='bbox 403 599 883 682; x_wconf 86' lang='lat' dir='ltr'><strong>supervenisset</strong></span> <span class='ocrx_word' id='word_1_32' title='bbox 934 599 1178 682; x_wconf 77' lang='lat' dir='ltr'><strong>hostiS,</strong></span> <span class='ocrx_word' id='word_1_33' title='bbox 1231 599 1419 664; x_wconf 93' lang='lat' dir='ltr'><strong>novis</strong></span> <span class='ocrx_word' id='word_1_34' title='bbox 1483 598 1856 664; x_wconf 90' lang='lat' dir='ltr'><strong>vulneribus</strong></span> <span class='ocrx_word' id='word_1_35' title='bbox 1918 599 2384 664; x_wconf 76' lang='lat' dir='ltr'><strong>excitabantur.</strong></span> <span class='ocrx_word' id='word_1_36' title='bbox 2476 598 2759 675; x_wconf 85' lang='lat' dir='ltr'><strong>Quidam</strong></span> 
     </span>
     <span class='ocr_line' id='line_1_6' title="bbox 400 687 2758 773; baseline 0.001 -21"><span class='ocrx_word' id='word_1_37' title='bbox 400 687 733 772; x_wconf 91' lang='lat' dir='ltr'><strong>occupatis</strong></span> <span class='ocrx_word' id='word_1_38' title='bbox 779 688 1092 771; x_wconf 86' lang='lat' dir='ltr'><strong>proximis</strong></span> <span class='ocrx_word' id='word_1_39' title='bbox 1138 687 1295 752; x_wconf 89' lang='lat' dir='ltr'><strong>rivis</strong></span> <span class='ocrx_word' id='word_1_40' title='bbox 1344 687 1755 753; x_wconf 85' lang='lat' dir='ltr'><strong>deverterant</strong></span> <span class='ocrx_word' id='word_1_41' title='bbox 1797 687 2088 772; x_wconf 88' lang='lat' dir='ltr'><strong>longius,</strong></span> <span class='ocrx_word' id='word_1_42' title='bbox 2133 691 2233 771; x_wconf 91' lang='lat' dir='ltr'><strong>ut,</strong></span> <span class='ocrx_word' id='word_1_43' title='bbox 2289 687 2602 773; x_wconf 90' lang='lat' dir='ltr'><strong>quidquid</strong></span> <span class='ocrx_word' id='word_1_44' title='bbox 2651 709 2758 754; x_wconf 92' lang='lat' dir='ltr'><strong>oc-</strong></span> 
     </span>
     <span class='ocr_line' id='line_1_7' title="bbox 401 776 2770 861; baseline 0 -20"><span class='ocrx_word' id='word_1_45' title='bbox 401 776 560 841; x_wconf 89' lang='lat' dir='ltr'><strong>culti</strong></span> <span class='ocrx_word' id='word_1_46' title='bbox 605 776 897 841; x_wconf 89' lang='lat' dir='ltr'><strong>humoris</strong></span> <span class='ocrx_word' id='word_1_47' title='bbox 943 798 1219 861; x_wconf 88' lang='lat' dir='ltr'><strong>usquam</strong></span> <span class='ocrx_word' id='word_1_48' title='bbox 1264 779 1579 859; x_wconf 85' lang='lat' dir='ltr'><strong>manaret,</strong></span> <span class='ocrx_word' id='word_1_49' title='bbox 1627 776 2011 860; x_wconf 80' lang='lat' dir='ltr'><strong>exciperent,</strong></span> <span class='ocrx_word' id='word_1_50' title='bbox 2055 797 2177 840; x_wconf 89' lang='lat' dir='ltr'><strong>nec</strong></span> <span class='ocrx_word' id='word_1_51' title='bbox 2220 777 2356 840; x_wconf 88' lang='lat' dir='ltr'><strong>ulla</strong></span> <span class='ocrx_word' id='word_1_52' title='bbox 2403 776 2561 841; x_wconf 88' lang='lat' dir='ltr'><strong>adeo</strong></span> <span class='ocrx_word' id='word_1_53' title='bbox 2609 777 2770 858; x_wconf 84' lang='lat' dir='ltr'><strong>avia</strong></span> 
     </span>
    </p>

    <p class='ocr_par' dir='ltr' id='par_1_5' title="bbox 296 864 2755 1127">
     <span class='ocr_line' id='line_1_8' title="bbox 296 864 2755 950; baseline 0.002 -26"><span class='ocrx_word' id='word_1_54' title='bbox 296 875 363 925; x_wconf 86' lang='lat'><strong>15</strong></span> <span class='ocrx_word' id='word_1_55' title='bbox 402 868 469 929; x_wconf 91' lang='lat' dir='ltr'><strong>et</strong></span> <span class='ocrx_word' id='word_1_56' title='bbox 506 865 681 930; x_wconf 90' lang='lat' dir='ltr'><strong>sicca</strong></span> <span class='ocrx_word' id='word_1_57' title='bbox 719 866 953 930; x_wconf 87' lang='lat' dir='ltr'><strong>lacuna</strong></span> <span class='ocrx_word' id='word_1_58' title='bbox 988 868 1147 947; x_wconf 87' lang='lat' dir='ltr'><strong>erat,</strong></span> <span class='ocrx_word' id='word_1_59' title='bbox 1192 868 1267 929; x_wconf 91' lang='lat' dir='ltr'><strong>ut</strong></span> <span class='ocrx_word' id='word_1_60' title='bbox 1301 865 1767 950; x_wconf 79' lang='lat' dir='ltr'><strong>vestigantium</strong></span> <span class='ocrx_word' id='word_1_61' title='bbox 1805 864 1982 928; x_wconf 88' lang='lat' dir='ltr'><strong>sitim</strong></span> <span class='ocrx_word' id='word_1_62' title='bbox 2020 865 2297 931; x_wconf 87' lang='lat' dir='ltr'><strong>falleret.</strong></span> <span class='ocrx_word' id='word_1_63' title='bbox 2342 864 2399 929; x_wconf 87' lang='grc' dir='ltr'>Ε</span> <span class='ocrx_word' id='word_1_64' title='bbox 2438 866 2755 948; x_wconf 83' lang='lat' dir='ltr'><strong>proximis</strong></span> 
     </span>
     <span class='ocr_line' id='line_1_9' title="bbox 400 952 2754 1038; baseline 0.001 -21"><span class='ocrx_word' id='word_1_65' title='bbox 400 974 553 1018; x_wconf 89' lang='lat' dir='ltr'><strong>vero</strong></span> <span class='ocrx_word' id='word_1_66' title='bbox 598 953 819 1018; x_wconf 89' lang='lat' dir='ltr'><strong>itineri</strong></span> <span class='ocrx_word' id='word_1_67' title='bbox 863 952 1023 1021; x_wconf 88' lang='lat' dir='ltr'><strong>vicis</strong></span> <span class='ocrx_word' id='word_1_68' title='bbox 1069 953 1355 1018; x_wconf 88' lang='lat' dir='ltr'><strong>ululatus</strong></span> <span class='ocrx_word' id='word_1_69' title='bbox 1403 975 1632 1019; x_wconf 88' lang='lat' dir='ltr'><strong>senum</strong></span> <span class='ocrx_word' id='word_1_70' title='bbox 1678 953 2194 1038; x_wconf 84' lang='lat' dir='ltr'><strong>feminarumque</strong></span> <span class='ocrx_word' id='word_1_71' title='bbox 2239 954 2754 1020; x_wconf 86' lang='lat' dir='ltr'><strong>exaudiebantur</strong></span> 
     </span>
     <span class='ocr_line' id='line_1_10' title="bbox 404 1041 2203 1127; baseline 0 -21"><span class='ocrx_word' id='word_1_72' title='bbox 404 1041 687 1107; x_wconf 87' lang='lat' dir='ltr'><strong>barbaro</strong></span> <span class='ocrx_word' id='word_1_73' title='bbox 731 1043 863 1107; x_wconf 88' lang='lat' dir='ltr'><strong>ritu</strong></span> <span class='ocrx_word' id='word_1_74' title='bbox 908 1041 1195 1107; x_wconf 87' lang='lat' dir='ltr'><strong>Dareum</strong></span> <span class='ocrx_word' id='word_1_75' title='bbox 1242 1042 1451 1107; x_wconf 90' lang='lat' dir='ltr'><strong>adhuc</strong></span> <span class='ocrx_word' id='word_1_76' title='bbox 1496 1063 1718 1127; x_wconf 87' lang='lat' dir='ltr'><strong>regem</strong></span> <span class='ocrx_word' id='word_1_77' title='bbox 1764 1042 2203 1107; x_wconf 87' lang='lat' dir='ltr'><strong>clamantium.</strong></span> 
     </span>
    </p>

    <p class='ocr_par' dir='ltr' id='par_1_6' title="bbox 298 1130 2870 1482">
     <span class='ocr_line' id='line_1_11' title="bbox 298 1130 2870 1216; baseline 0.003 -26"><span class='ocrx_word' id='word_1_78' title='bbox 298 1142 363 1192; x_wconf 84' lang='lat'><strong>16</strong></span> <span class='ocrx_word' id='word_1_79' title='bbox 579 1130 975 1215; x_wconf 84' lang='lat' dir='ltr'><strong>Alexander,</strong></span> <span class='ocrx_word' id='word_1_80' title='bbox 1030 1135 1104 1196; x_wconf 93' lang='lat' dir='ltr'><strong>ut</strong></span> <span class='ocrx_word' id='word_1_81' title='bbox 1149 1152 1344 1214; x_wconf 87' lang='lat' dir='ltr'><strong>supra</strong></span> <span class='ocrx_word' id='word_1_82' title='bbox 1390 1130 1633 1196; x_wconf 89' lang='lat' dir='ltr'><strong>dictum</strong></span> <span class='ocrx_word' id='word_1_83' title='bbox 1687 1132 1814 1214; x_wconf 90' lang='lat' dir='ltr'><strong>est,</strong></span> <span class='ocrx_word' id='word_1_84' title='bbox 1867 1130 2149 1195; x_wconf 88' lang='lat' dir='ltr'><strong>inhibito</strong></span> <span class='ocrx_word' id='word_1_85' title='bbox 2197 1151 2461 1195; x_wconf 89' lang='lat' dir='ltr'><strong>suorum</strong></span> <span class='ocrx_word' id='word_1_86' title='bbox 2506 1131 2757 1216; x_wconf 87' lang='lat' dir='ltr'><strong>impetu</strong></span> <span class='ocrx_word' id='word_1_87' title='bbox 2777 1134 2870 1200; x_wconf 82' lang='lat'><strong>62</strong></span> 
     </span>
     <span class='ocr_line' id='line_1_12' title="bbox 402 1217 2755 1306; baseline 0 -23"><span class='ocrx_word' id='word_1_88' title='bbox 402 1219 484 1283; x_wconf 87' lang='lat' dir='ltr'><strong>ad</strong></span> <span class='ocrx_word' id='word_1_89' title='bbox 520 1217 764 1303; x_wconf 80' lang='lat' dir='ltr'><strong>Lycum</strong></span> <span class='ocrx_word' id='word_1_90' title='bbox 802 1240 1059 1285; x_wconf 90' lang='lat' dir='ltr'><strong>amnem</strong></span> <span class='ocrx_word' id='word_1_91' title='bbox 1103 1222 1503 1306; x_wconf 88' lang='lat' dir='ltr'><strong>pervenerat,</strong></span> <span class='ocrx_word' id='word_1_92' title='bbox 1549 1219 1662 1285; x_wconf 91' lang='lat' dir='ltr'><strong>ubi</strong></span> <span class='ocrx_word' id='word_1_93' title='bbox 1705 1219 1936 1305; x_wconf 86' lang='lat' dir='ltr'><strong>ingens</strong></span> <span class='ocrx_word' id='word_1_94' title='bbox 1975 1218 2325 1284; x_wconf 88' lang='lat' dir='ltr'><strong>multitudo</strong></span> <span class='ocrx_word' id='word_1_95' title='bbox 2362 1219 2755 1306; x_wconf 83' lang='lat' dir='ltr'><strong>fugientium</strong></span> 
     </span>
     <span class='ocr_line' id='line_1_13' title="bbox 402 1307 2759 1394; baseline 0 -21"><span class='ocrx_word' id='word_1_96' title='bbox 402 1312 787 1374; x_wconf 86' lang='lat' dir='ltr'><strong>oneraverat</strong></span> <span class='ocrx_word' id='word_1_97' title='bbox 831 1312 1098 1392; x_wconf 88' lang='lat' dir='ltr'><strong>pontem</strong></span> <span class='ocrx_word' id='word_1_98' title='bbox 1145 1311 1211 1373; x_wconf 88' lang='lat' dir='ltr'><strong>et</strong></span> <span class='ocrx_word' id='word_1_99' title='bbox 1252 1307 1571 1392; x_wconf 87' lang='lat' dir='ltr'><strong>plerique,</strong></span> <span class='ocrx_word' id='word_1_100' title='bbox 1617 1328 1761 1372; x_wconf 90' lang='lat' dir='ltr'><strong>cum</strong></span> <span class='ocrx_word' id='word_1_101' title='bbox 1806 1307 2018 1373; x_wconf 90' lang='lat' dir='ltr'><strong>hostis</strong></span> <span class='ocrx_word' id='word_1_102' title='bbox 2064 1313 2350 1394; x_wconf 88' lang='lat' dir='ltr'><strong>urgeret,</strong></span> <span class='ocrx_word' id='word_1_103' title='bbox 2395 1308 2464 1372; x_wconf 92' lang='lat' dir='ltr'><strong>in</strong></span> <span class='ocrx_word' id='word_1_104' title='bbox 2511 1308 2759 1374; x_wconf 89' lang='lat' dir='ltr'><strong>flumen</strong></span> 
     </span>
     <span class='ocr_line' id='line_1_14' title="bbox 402 1395 2757 1482; baseline 0.001 -22"><span class='ocrx_word' id='word_1_105' title='bbox 402 1417 471 1460; x_wconf 91' lang='lat' dir='ltr'><strong>se</strong></span> <span class='ocrx_word' id='word_1_106' title='bbox 516 1397 1104 1480; x_wconf 82' lang='lat' dir='ltr'><strong>praecipitaverant</strong></span> <span class='ocrx_word' id='word_1_107' title='bbox 1150 1417 1508 1482; x_wconf 85' lang='lat' dir='ltr'><strong>gravesque</strong></span> <span class='ocrx_word' id='word_1_108' title='bbox 1555 1396 1754 1462; x_wconf 88' lang='lat' dir='ltr'><strong>armis</strong></span> <span class='ocrx_word' id='word_1_109' title='bbox 1801 1399 1867 1461; x_wconf 92' lang='lat' dir='ltr'><strong>et</strong></span> <span class='ocrx_word' id='word_1_110' title='bbox 1911 1395 2160 1481; x_wconf 87' lang='lat' dir='ltr'><strong>proelio</strong></span> <span class='ocrx_word' id='word_1_111' title='bbox 2209 1419 2285 1462; x_wconf 92' lang='lat' dir='ltr'><strong>ac</strong></span> <span class='ocrx_word' id='word_1_112' title='bbox 2327 1395 2486 1482; x_wconf 86' lang='lat' dir='ltr'><strong>fuga</strong></span> <span class='ocrx_word' id='word_1_113' title='bbox 2524 1396 2757 1463; x_wconf 88' lang='lat' dir='ltr'><strong>defati-</strong></span> 
     </span>
    </p>

    <p class='ocr_par' dir='ltr' id='par_1_7' title="bbox 298 1485 2757 1748">
     <span class='ocr_line' id='line_1_15' title="bbox 298 1485 2757 1572; baseline 0.003 -28"><span class='ocrx_word' id='word_1_114' title='bbox 298 1495 363 1544; x_wconf 80' lang='lat'><strong>17</strong></span> <span class='ocrx_word' id='word_1_115' title='bbox 402 1485 541 1570; x_wconf 81' lang='lat' dir='ltr'><strong>gati</strong></span> <span class='ocrx_word' id='word_1_116' title='bbox 588 1485 959 1572; x_wconf 84' lang='lat' dir='ltr'><strong>gurgitibus</strong></span> <span class='ocrx_word' id='word_1_117' title='bbox 1004 1485 1489 1551; x_wconf 88' lang='lat' dir='ltr'><strong>hauriebantur.</strong></span> <span class='ocrx_word' id='word_1_118' title='bbox 1562 1485 1829 1570; x_wconf 90' lang='lat' dir='ltr'><strong>Iamque</strong></span> <span class='ocrx_word' id='word_1_119' title='bbox 1875 1507 2007 1551; x_wconf 91' lang='lat' dir='ltr'><strong>non</strong></span> <span class='ocrx_word' id='word_1_120' title='bbox 2052 1507 2218 1568; x_wconf 91' lang='lat' dir='ltr'><strong>pons</strong></span> <span class='ocrx_word' id='word_1_121' title='bbox 2263 1485 2456 1550; x_wconf 92' lang='lat' dir='ltr'><strong>modo</strong></span> <span class='ocrx_word' id='word_1_122' title='bbox 2505 1485 2757 1570; x_wconf 87' lang='lat' dir='ltr'><strong>fugien-</strong></span> 
     </span>
     <span class='ocr_line' id='line_1_16' title="bbox 397 1573 2755 1660; baseline 0.001 -23"><span class='ocrx_word' id='word_1_123' title='bbox 397 1577 516 1658; x_wconf 91' lang='lat' dir='ltr'><strong>tes,</strong></span> <span class='ocrx_word' id='word_1_124' title='bbox 564 1574 679 1639; x_wconf 86' lang='lat' dir='ltr'><strong>sed</strong></span> <span class='ocrx_word' id='word_1_125' title='bbox 723 1596 807 1641; x_wconf 88' lang='lat' dir='ltr'><strong>ne</strong></span> <span class='ocrx_word' id='word_1_126' title='bbox 854 1575 1064 1640; x_wconf 89' lang='lat' dir='ltr'><strong>amnis</strong></span> <span class='ocrx_word' id='word_1_127' title='bbox 1113 1575 1373 1658; x_wconf 91' lang='lat' dir='ltr'><strong>quidem</strong></span> <span class='ocrx_word' id='word_1_128' title='bbox 1419 1575 1721 1658; x_wconf 89' lang='lat' dir='ltr'><strong>capiebat</strong></span> <span class='ocrx_word' id='word_1_129' title='bbox 1767 1574 2032 1660; x_wconf 84' lang='lat' dir='ltr'><strong>agmina</strong></span> <span class='ocrx_word' id='word_1_130' title='bbox 2076 1594 2194 1640; x_wconf 91' lang='lat' dir='ltr'><strong>sua</strong></span> <span class='ocrx_word' id='word_1_131' title='bbox 2229 1573 2566 1658; x_wconf 89' lang='lat' dir='ltr'><strong>inprovide</strong></span> <span class='ocrx_word' id='word_1_132' title='bbox 2606 1575 2755 1640; x_wconf 91' lang='lat' dir='ltr'><strong>sub-</strong></span> 
     </span>
     <span class='ocr_line' id='line_1_17' title="bbox 402 1662 2755 1748; baseline 0 -21"><span class='ocrx_word' id='word_1_133' title='bbox 402 1662 554 1727; x_wconf 90' lang='lat' dir='ltr'><strong>inde</strong></span> <span class='ocrx_word' id='word_1_134' title='bbox 600 1663 1020 1729; x_wconf 84' lang='lat' dir='ltr'><strong>cumulantis:</strong></span> <span class='ocrx_word' id='word_1_135' title='bbox 1078 1664 1313 1748; x_wconf 89' lang='lat' dir='ltr'><strong>quippe</strong></span> <span class='ocrx_word' id='word_1_136' title='bbox 1367 1664 1481 1729; x_wconf 92' lang='lat' dir='ltr'><strong>ubi</strong></span> <span class='ocrx_word' id='word_1_137' title='bbox 1523 1663 1799 1728; x_wconf 87' lang='lat' dir='ltr'><strong>intravit</strong></span> <span class='ocrx_word' id='word_1_138' title='bbox 1845 1663 2096 1728; x_wconf 90' lang='lat' dir='ltr'><strong>animos</strong></span> <span class='ocrx_word' id='word_1_139' title='bbox 2143 1685 2374 1747; x_wconf 89' lang='lat' dir='ltr'><strong>pavor,</strong></span> <span class='ocrx_word' id='word_1_140' title='bbox 2427 1663 2496 1728; x_wconf 91' lang='lat' dir='ltr'><strong>id</strong></span> <span class='ocrx_word' id='word_1_141' title='bbox 2543 1663 2755 1728; x_wconf 86' lang='lat' dir='ltr'><strong>solum</strong></span> 
     </span>
    </p>

    <p class='ocr_par' dir='ltr' id='par_1_8' title="bbox 302 1751 2758 2016">
     <span class='ocr_line' id='line_1_18' title="bbox 302 1751 2758 1855; baseline 0.003 -45"><span class='ocrx_word' id='word_1_142' title='bbox 302 1760 367 1810; x_wconf 87' lang='lat'><strong>18</strong></span> <span class='ocrx_word' id='word_1_143' title='bbox 405 1754 731 1836; x_wconf 90' lang='lat' dir='ltr'><strong>metuunt,</strong></span> <span class='ocrx_word' id='word_1_144' title='bbox 796 1751 970 1854; x_wconf 79' lang='lat' dir='ltr'><strong>quod</strong></span> <span class='ocrx_word' id='word_1_145' title='bbox 1023 1752 1302 1855; x_wconf 85' lang='lat' dir='ltr'><strong>primum</strong></span> <span class='ocrx_word' id='word_1_146' title='bbox 1366 1751 1716 1817; x_wconf 86' lang='lat' dir='ltr'><strong>formidare</strong></span> <span class='ocrx_word' id='word_1_147' title='bbox 1770 1754 2140 1835; x_wconf 87' lang='lat' dir='ltr'><strong>coeperunt.</strong></span> <span class='ocrx_word' id='word_1_148' title='bbox 2229 1751 2594 1817; x_wconf 88' lang='lat' dir='ltr'><strong>Alexander</strong></span> <span class='ocrx_word' id='word_1_149' title='bbox 2655 1753 2758 1817; x_wconf 89' lang='lat' dir='ltr'><strong>in—</strong></span> 
     </span>
     <span class='ocr_line' id='line_1_19' title="bbox 401 1839 2755 1926; baseline 0 -22"><span class='ocrx_word' id='word_1_150' title='bbox 401 1840 723 1905; x_wconf 89' lang='lat' dir='ltr'><strong>stantibus</strong></span> <span class='ocrx_word' id='word_1_151' title='bbox 800 1841 967 1925; x_wconf 86' lang='lat' dir='ltr'><strong>suis,</strong></span> <span class='ocrx_word' id='word_1_152' title='bbox 1030 1843 1273 1926; x_wconf 88' lang='lat' dir='ltr'><strong>inpune</strong></span> <span class='ocrx_word' id='word_1_153' title='bbox 1334 1841 1683 1906; x_wconf 89' lang='lat' dir='ltr'><strong>abeuntem</strong></span> <span class='ocrx_word' id='word_1_154' title='bbox 1755 1839 2012 1906; x_wconf 86' lang='lat' dir='ltr'><strong>hostem</strong></span> <span class='ocrx_word' id='word_1_155' title='bbox 2074 1841 2482 1923; x_wconf 87' lang='lat' dir='ltr'><strong>permitteret</strong></span> <span class='ocrx_word' id='word_1_156' title='bbox 2553 1841 2755 1925; x_wconf 90' lang='lat' dir='ltr'><strong>sequi,</strong></span> 
     </span>
     <span class='ocr_line' id='line_1_20' title="bbox 398 1927 2756 2016; baseline 0.001 -24"><span class='ocrx_word' id='word_1_157' title='bbox 398 1927 663 1994; x_wconf 85' lang='lat' dir='ltr'><strong>hebetia</strong></span> <span class='ocrx_word' id='word_1_158' title='bbox 708 1951 847 1995; x_wconf 89' lang='lat' dir='ltr'><strong>esse</strong></span> <span class='ocrx_word' id='word_1_159' title='bbox 892 1930 1025 1995; x_wconf 88' lang='lat' dir='ltr'><strong>tela</strong></span> <span class='ocrx_word' id='word_1_160' title='bbox 1079 1933 1146 1994; x_wconf 89' lang='lat' dir='ltr'><strong>et</strong></span> <span class='ocrx_word' id='word_1_161' title='bbox 1202 1951 1436 1994; x_wconf 88' lang='lat' dir='ltr'><strong>manus</strong></span> <span class='ocrx_word' id='word_1_162' title='bbox 1491 1929 1806 2016; x_wconf 87' lang='lat' dir='ltr'><strong>fatigatas</strong></span> <span class='ocrx_word' id='word_1_163' title='bbox 1859 1931 2172 2014; x_wconf 90' lang='lat' dir='ltr'><strong>tantoque</strong></span> <span class='ocrx_word' id='word_1_164' title='bbox 2232 1950 2424 1994; x_wconf 89' lang='lat' dir='ltr'><strong>cursu</strong></span> <span class='ocrx_word' id='word_1_165' title='bbox 2479 1951 2756 2015; x_wconf 87' lang='lat' dir='ltr'><strong>corpora</strong></span> 
     </span>
    </p>

    <p class='ocr_par' dir='ltr' id='par_1_9' title="bbox 294 2015 2753 2192">
     <span class='ocr_line' id='line_1_21' title="bbox 294 2015 2753 2103; baseline 0.002 -25"><span class='ocrx_word' id='word_1_166' title='bbox 294 2028 360 2077; x_wconf 84' lang='lat'><strong>19</strong></span> <span class='ocrx_word' id='word_1_167' title='bbox 400 2018 716 2084; x_wconf 89' lang='lat' dir='ltr'><strong>exhausta</strong></span> <span class='ocrx_word' id='word_1_168' title='bbox 762 2022 827 2084; x_wconf 90' lang='lat' dir='ltr'><strong>et</strong></span> <span class='ocrx_word' id='word_1_169' title='bbox 871 2039 1181 2103; x_wconf 86' lang='lat' dir='ltr'><strong>praeceps</strong></span> <span class='ocrx_word' id='word_1_170' title='bbox 1226 2019 1296 2083; x_wconf 86' lang='lat' dir='ltr'><strong>in</strong></span> <span class='ocrx_word' id='word_1_171' title='bbox 1340 2022 1602 2084; x_wconf 87' lang='lat' dir='ltr'><strong>noctem</strong></span> <span class='ocrx_word' id='word_1_172' title='bbox 1649 2018 1775 2082; x_wconf 90' lang='lat' dir='ltr'><strong>diei</strong></span> <span class='ocrx_word' id='word_1_173' title='bbox 1820 2020 2080 2102; x_wconf 89' lang='lat' dir='ltr'><strong>tempus</strong></span> <span class='ocrx_word' id='word_1_174' title='bbox 2128 2020 2426 2083; x_wconf 86' lang='lat' dir='ltr'><strong>causatus</strong></span> <span class='ocrx_word' id='word_1_175' title='bbox 2476 2023 2594 2084; x_wconf 89' lang='lat' dir='ltr'><strong>est.</strong></span> <span class='ocrx_word' id='word_1_176' title='bbox 2657 2015 2753 2083; x_wconf 85' lang='lat' dir='ltr'><strong>Re</strong></span> 
     </span>
     <span class='ocr_line' id='line_1_22' title="bbox 396 2105 2753 2192; baseline 0 -22"><span class='ocrx_word' id='word_1_177' title='bbox 396 2127 551 2170; x_wconf 85' lang='lat' dir='ltr'><strong>vera</strong></span> <span class='ocrx_word' id='word_1_178' title='bbox 596 2105 677 2171; x_wconf 90' lang='lat' dir='ltr'><strong>de</strong></span> <span class='ocrx_word' id='word_1_179' title='bbox 721 2107 907 2173; x_wconf 89' lang='lat' dir='ltr'><strong>laevo</strong></span> <span class='ocrx_word' id='word_1_180' title='bbox 956 2129 1174 2190; x_wconf 86' lang='lat' dir='ltr'><strong>cornu,</strong></span> <span class='ocrx_word' id='word_1_181' title='bbox 1220 2107 1390 2192; x_wconf 92' lang='lat' dir='ltr'><strong>quod</strong></span> <span class='ocrx_word' id='word_1_182' title='bbox 1437 2106 1646 2171; x_wconf 90' lang='lat' dir='ltr'><strong>adhuc</strong></span> <span class='ocrx_word' id='word_1_183' title='bbox 1691 2107 1762 2171; x_wconf 92' lang='lat' dir='ltr'><strong>in</strong></span> <span class='ocrx_word' id='word_1_184' title='bbox 1809 2106 1944 2171; x_wconf 86' lang='lat' dir='ltr'><strong>acie</strong></span> <span class='ocrx_word' id='word_1_185' title='bbox 1990 2111 2166 2172; x_wconf 90' lang='lat' dir='ltr'><strong>stare</strong></span> <span class='ocrx_word' id='word_1_186' title='bbox 2208 2107 2530 2192; x_wconf 88' lang='lat' dir='ltr'><strong>credebat,</strong></span> <span class='ocrx_word' id='word_1_187' title='bbox 2577 2107 2753 2171; x_wconf 87' lang='lat' dir='ltr'><strong>solli-</strong></span> 
     </span>
    </p>

    <p class='ocr_par' dir='ltr' id='par_1_10' title="bbox 328 2194 2752 2369">
     <span class='ocr_line' id='line_1_23' title="bbox 328 2194 2752 2280; baseline 0 -20"><span class='ocrx_word' id='word_1_188' title='bbox 328 2205 339 2214; x_wconf 83' lang='grc'><em>“</em></span> <span class='ocrx_word' id='word_1_189' title='bbox 398 2195 565 2260; x_wconf 90' lang='lat' dir='ltr'><strong>citus</strong></span> <span class='ocrx_word' id='word_1_190' title='bbox 624 2197 863 2261; x_wconf 87' lang='lat' dir='ltr'><strong>reverti</strong></span> <span class='ocrx_word' id='word_1_191' title='bbox 917 2196 999 2261; x_wconf 89' lang='lat' dir='ltr'><strong>ad</strong></span> <span class='ocrx_word' id='word_1_192' title='bbox 1054 2197 1383 2260; x_wconf 87' lang='lat' dir='ltr'><strong>ferendam</strong></span> <span class='ocrx_word' id='word_1_193' title='bbox 1438 2217 1628 2280; x_wconf 89' lang='lat' dir='ltr'><strong>opem</strong></span> <span class='ocrx_word' id='word_1_194' title='bbox 1691 2196 1826 2260; x_wconf 89' lang='lat' dir='ltr'><strong>suis</strong></span> <span class='ocrx_word' id='word_1_195' title='bbox 1892 2196 2141 2261; x_wconf 88' lang='lat' dir='ltr'><strong>statuit.</strong></span> <span class='ocrx_word' id='word_1_196' title='bbox 2231 2194 2499 2280; x_wconf 90' lang='lat' dir='ltr'><strong>Iamque</strong></span> <span class='ocrx_word' id='word_1_197' title='bbox 2564 2196 2752 2280; x_wconf 87' lang='lat' dir='ltr'><strong>signa</strong></span> 
     </span>
     <span class='ocr_line' id='line_1_24' title="bbox 397 2284 2752 2369; baseline 0 -21"><span class='ocrx_word' id='word_1_198' title='bbox 397 2287 830 2368; x_wconf 87' lang='lat' dir='ltr'><strong>converterat,</strong></span> <span class='ocrx_word' id='word_1_199' title='bbox 894 2306 1039 2350; x_wconf 90' lang='lat' dir='ltr'><strong>cum</strong></span> <span class='ocrx_word' id='word_1_200' title='bbox 1106 2285 1357 2369; x_wconf 90' lang='lat' dir='ltr'><strong>equites</strong></span> <span class='ocrx_word' id='word_1_201' title='bbox 1423 2306 1463 2348; x_wconf 91' lang='lat' dir='ltr'><strong>a</strong></span> <span class='ocrx_word' id='word_1_202' title='bbox 1516 2284 1945 2349; x_wconf 88' lang='lat' dir='ltr'><strong>Parmenione</strong></span> <span class='ocrx_word' id='word_1_203' title='bbox 2010 2284 2193 2348; x_wconf 89' lang='lat' dir='ltr'><strong>missi</strong></span> <span class='ocrx_word' id='word_1_204' title='bbox 2256 2284 2433 2348; x_wconf 92' lang='lat' dir='ltr'><strong>illius</strong></span> <span class='ocrx_word' id='word_1_205' title='bbox 2499 2305 2752 2369; x_wconf 88' lang='lat' dir='ltr'><strong>quoque</strong></span> 
     </span>
    </p>

    <p class='ocr_par' dir='ltr' id='par_1_11' title="bbox 294 2371 2753 2725">
     <span class='ocr_line' id='line_1_25' title="bbox 294 2371 2753 2459; baseline 0.002 -26"><span class='ocrx_word' id='word_1_206' title='bbox 294 2384 361 2433; x_wconf 89' lang='grc' dir='ltr'><strong>2ο</strong></span> <span class='ocrx_word' id='word_1_207' title='bbox 395 2373 603 2456; x_wconf 90' lang='lat' dir='ltr'><strong>partis</strong></span> <span class='ocrx_word' id='word_1_208' title='bbox 658 2373 996 2439; x_wconf 91' lang='lat' dir='ltr'><strong>victoriam</strong></span> <span class='ocrx_word' id='word_1_209' title='bbox 1050 2373 1372 2439; x_wconf 89' lang='lat' dir='ltr'><strong>nuntiant.</strong></span> <span class='ocrx_word' id='word_1_210' title='bbox 1465 2371 1593 2439; x_wconf 85' lang='lat' dir='ltr'><strong>Sed</strong></span> <span class='ocrx_word' id='word_1_211' title='bbox 1653 2373 1905 2451; x_wconf 89' lang='lat' dir='ltr'><strong>nullum</strong></span> <span class='ocrx_word' id='word_1_212' title='bbox 1958 2372 2084 2438; x_wconf 92' lang='lat' dir='ltr'><strong>hoc</strong></span> <span class='ocrx_word' id='word_1_213' title='bbox 2139 2373 2242 2439; x_wconf 90' lang='lat' dir='ltr'><strong>die</strong></span> <span class='ocrx_word' id='word_1_214' title='bbox 2283 2373 2515 2438; x_wconf 73' lang='lat' dir='ltr'><strong>‚maius</strong></span> <span class='ocrx_word' id='word_1_215' title='bbox 2580 2371 2753 2459; x_wconf 88' lang='lat' dir='ltr'><strong>peri-</strong></span> 
     </span>
     <span class='ocr_line' id='line_1_26' title="bbox 396 2461 2750 2547; baseline 0.001 -22"><span class='ocrx_word' id='word_1_216' title='bbox 396 2462 614 2525; x_wconf 90' lang='lat' dir='ltr'><strong>culum</strong></span> <span class='ocrx_word' id='word_1_217' title='bbox 660 2462 849 2546; x_wconf 90' lang='lat' dir='ltr'><strong>adiit,</strong></span> <span class='ocrx_word' id='word_1_218' title='bbox 904 2484 1100 2547; x_wconf 90' lang='lat' dir='ltr'><strong>quam</strong></span> <span class='ocrx_word' id='word_1_219' title='bbox 1146 2461 1299 2528; x_wconf 90' lang='lat' dir='ltr'><strong>dum</strong></span> <span class='ocrx_word' id='word_1_220' title='bbox 1347 2462 1566 2547; x_wconf 90' lang='lat' dir='ltr'><strong>copias</strong></span> <span class='ocrx_word' id='word_1_221' title='bbox 1613 2461 1865 2528; x_wconf 87' lang='lat' dir='ltr'><strong>reducit</strong></span> <span class='ocrx_word' id='word_1_222' title='bbox 1909 2461 1980 2525; x_wconf 90' lang='lat' dir='ltr'><strong>in</strong></span> <span class='ocrx_word' id='word_1_223' title='bbox 2037 2465 2268 2527; x_wconf 87' lang='lat' dir='ltr'><strong>castra.</strong></span> <span class='ocrx_word' id='word_1_224' title='bbox 2357 2461 2556 2527; x_wconf 87' lang='lat' dir='ltr'><strong>Pauci</strong></span> <span class='ocrx_word' id='word_1_225' title='bbox 2603 2483 2750 2527; x_wconf 91' lang='lat' dir='ltr'><strong>eum</strong></span> 
     </span>
     <span class='ocr_line' id='line_1_27' title="bbox 397 2550 2750 2636; baseline 0.001 -23"><span class='ocrx_word' id='word_1_226' title='bbox 397 2552 463 2613; x_wconf 90' lang='lat' dir='ltr'><strong>et</strong></span> <span class='ocrx_word' id='word_1_227' title='bbox 505 2550 900 2636; x_wconf 85' lang='lat' dir='ltr'><strong>inconpositi</strong></span> <span class='ocrx_word' id='word_1_228' title='bbox 958 2551 1393 2635; x_wconf 88' lang='lat' dir='ltr'><strong>sequebantur</strong></span> <span class='ocrx_word' id='word_1_229' title='bbox 1440 2555 1707 2616; x_wconf 89' lang='lat' dir='ltr'><strong>ovantes</strong></span> <span class='ocrx_word' id='word_1_230' title='bbox 1752 2550 2057 2633; x_wconf 90' lang='lat' dir='ltr'><strong>victoria,</strong></span> <span class='ocrx_word' id='word_1_231' title='bbox 2103 2586 2192 2599; x_wconf 89' lang='lat'><strong>--</strong></span> <span class='ocrx_word' id='word_1_232' title='bbox 2239 2550 2480 2635; x_wconf 89' lang='lat' dir='ltr'><strong>quippe</strong></span> <span class='ocrx_word' id='word_1_233' title='bbox 2527 2571 2750 2615; x_wconf 90' lang='lat' dir='ltr'><strong>omnes</strong></span> 
     </span>
     <span class='ocr_line' id='line_1_28' title="bbox 394 2636 2748 2725; baseline 0 -23"><span class='ocrx_word' id='word_1_234' title='bbox 394 2636 622 2703; x_wconf 85' lang='lat' dir='ltr'><strong>hostes</strong></span> <span class='ocrx_word' id='word_1_235' title='bbox 670 2642 783 2704; x_wconf 89' lang='lat' dir='ltr'><strong>aut</strong></span> <span class='ocrx_word' id='word_1_236' title='bbox 816 2640 886 2703; x_wconf 88' lang='lat' dir='ltr'><strong>in</strong></span> <span class='ocrx_word' id='word_1_237' title='bbox 930 2639 1155 2725; x_wconf 86' lang='lat' dir='ltr'><strong>fugam</strong></span> <span class='ocrx_word' id='word_1_238' title='bbox 1194 2640 1429 2705; x_wconf 87' lang='lat' dir='ltr'><strong>effusos</strong></span> <span class='ocrx_word' id='word_1_239' title='bbox 1467 2644 1586 2704; x_wconf 90' lang='lat' dir='ltr'><strong>aut</strong></span> <span class='ocrx_word' id='word_1_240' title='bbox 1629 2640 1700 2703; x_wconf 93' lang='lat' dir='ltr'><strong>in</strong></span> <span class='ocrx_word' id='word_1_241' title='bbox 1745 2639 1881 2705; x_wconf 88' lang='lat' dir='ltr'><strong>acie</strong></span> <span class='ocrx_word' id='word_1_242' title='bbox 1920 2638 2228 2705; x_wconf 89' lang='lat' dir='ltr'><strong>cecidisse</strong></span> <span class='ocrx_word' id='word_1_243' title='bbox 2266 2639 2638 2721; x_wconf 90' lang='lat' dir='ltr'><strong>credebant,</strong></span> <span class='ocrx_word' id='word_1_244' title='bbox 2663 2676 2748 2687; x_wconf 89' lang='lat'><strong>—</strong></span> 
     </span>
    </p>

    <p class='ocr_par' dir='ltr' id='par_1_12' title="bbox 286 2728 2751 2901">
     <span class='ocr_line' id='line_1_29' title="bbox 286 2728 2749 2814; baseline 0.003 -27"><span class='ocrx_word' id='word_1_245' title='bbox 286 2736 356 2787; x_wconf 82' lang='lat'><strong>21</strong></span> <span class='ocrx_word' id='word_1_246' title='bbox 396 2748 545 2791; x_wconf 88' lang='lat' dir='ltr'><strong>cum</strong></span> <span class='ocrx_word' id='word_1_247' title='bbox 588 2731 851 2813; x_wconf 88' lang='lat' dir='ltr'><strong>repente</strong></span> <span class='ocrx_word' id='word_1_248' title='bbox 898 2750 976 2792; x_wconf 89' lang='lat' dir='ltr'><strong>ex</strong></span> <span class='ocrx_word' id='word_1_249' title='bbox 1020 2728 1290 2794; x_wconf 88' lang='lat' dir='ltr'><strong>adverso</strong></span> <span class='ocrx_word' id='word_1_250' title='bbox 1348 2729 1654 2812; x_wconf 87' lang='lat' dir='ltr'><strong>apparuit</strong></span> <span class='ocrx_word' id='word_1_251' title='bbox 1709 2750 1945 2814; x_wconf 88' lang='lat' dir='ltr'><strong>agmen</strong></span> <span class='ocrx_word' id='word_1_252' title='bbox 2000 2729 2317 2814; x_wconf 89' lang='lat' dir='ltr'><strong>equitum,</strong></span> <span class='ocrx_word' id='word_1_253' title='bbox 2371 2729 2481 2812; x_wconf 91' lang='lat' dir='ltr'><strong>qui</strong></span> <span class='ocrx_word' id='word_1_254' title='bbox 2537 2728 2749 2812; x_wconf 89' lang='lat' dir='ltr'><strong>primo</strong></span> 
     </span>
     <span class='ocr_line' id='line_1_30' title="bbox 393 2815 2751 2901; baseline 0.001 -23"><span class='ocrx_word' id='word_1_255' title='bbox 393 2815 734 2882; x_wconf 91' lang='lat' dir='ltr'><strong>inhibuere</strong></span> <span class='ocrx_word' id='word_1_256' title='bbox 781 2838 1062 2901; x_wconf 90' lang='lat' dir='ltr'><strong>cursum,</strong></span> <span class='ocrx_word' id='word_1_257' title='bbox 1107 2816 1336 2882; x_wconf 89' lang='lat' dir='ltr'><strong>deinde</strong></span> <span class='ocrx_word' id='word_1_258' title='bbox 1380 2815 1810 2882; x_wconf 85' lang='lat' dir='ltr'><strong>Macedonum</strong></span> <span class='ocrx_word' id='word_1_259' title='bbox 1855 2817 2185 2901; x_wconf 87' lang='lat' dir='ltr'><strong>paucitate</strong></span> <span class='ocrx_word' id='word_1_260' title='bbox 2231 2820 2580 2901; x_wconf 88' lang='lat' dir='ltr'><strong>conspecta</strong></span> <span class='ocrx_word' id='word_1_261' title='bbox 2615 2821 2751 2881; x_wconf 90' lang='lat' dir='ltr'><strong>tur-</strong></span> 
     </span>
    </p>

    <p class='ocr_par' dir='ltr' id='par_1_13' title="bbox 286 2905 2748 3080">
     <span class='ocr_line' id='line_1_31' title="bbox 286 2905 2746 2991; baseline 0.003 -29"><span class='ocrx_word' id='word_1_262' title='bbox 286 2914 356 2963; x_wconf 92' lang='grc'><strong>22</strong></span> <span class='ocrx_word' id='word_1_263' title='bbox 394 2926 534 2969; x_wconf 90' lang='lat' dir='ltr'><strong>mas</strong></span> <span class='ocrx_word' id='word_1_264' title='bbox 580 2906 653 2970; x_wconf 91' lang='lat' dir='ltr'><strong>in</strong></span> <span class='ocrx_word' id='word_1_265' title='bbox 698 2906 927 2972; x_wconf 88' lang='lat' dir='ltr'><strong>obvios</strong></span> <span class='ocrx_word' id='word_1_266' title='bbox 974 2907 1480 2971; x_wconf 89' lang='lat' dir='ltr'><strong>concitaverunt.</strong></span> <span class='ocrx_word' id='word_1_267' title='bbox 1552 2905 1732 2971; x_wconf 88' lang='lat' dir='ltr'><strong>Ante</strong></span> <span class='ocrx_word' id='word_1_268' title='bbox 1769 2906 1958 2991; x_wconf 87' lang='lat' dir='ltr'><strong>signa</strong></span> <span class='ocrx_word' id='word_1_269' title='bbox 1993 2927 2107 2970; x_wconf 89' lang='lat' dir='ltr'><strong>rex</strong></span> <span class='ocrx_word' id='word_1_270' title='bbox 2151 2905 2294 2971; x_wconf 89' lang='lat' dir='ltr'><strong>ibat</strong></span> <span class='ocrx_word' id='word_1_271' title='bbox 2338 2905 2746 2978; x_wconf 85' lang='lat' dir='ltr'><strong>dissimulato</strong></span> 
     </span>
     <span class='ocr_line' id='line_1_32' title="bbox 397 2993 2748 3080; baseline 0.001 -24"><span class='ocrx_word' id='word_1_272' title='bbox 397 2994 607 3077; x_wconf 83' lang='lat' dir='ltr'><strong>magis</strong></span> <span class='ocrx_word' id='word_1_273' title='bbox 654 2995 941 3079; x_wconf 89' lang='lat' dir='ltr'><strong>periculo</strong></span> <span class='ocrx_word' id='word_1_274' title='bbox 988 3016 1183 3079; x_wconf 90' lang='lat' dir='ltr'><strong>quam</strong></span> <span class='ocrx_word' id='word_1_275' title='bbox 1232 2998 1473 3080; x_wconf 78' lang='lat' dir='ltr'><strong>spreto,</strong></span> <span class='ocrx_word' id='word_1_276' title='bbox 1527 2993 1666 3059; x_wconf 88' lang='lat' dir='ltr'><strong>Nec</strong></span> <span class='ocrx_word' id='word_1_277' title='bbox 1705 2994 1914 3073; x_wconf 71' lang='lat' dir='ltr'><strong>defuit</strong></span> <span class='ocrx_word' id='word_1_278' title='bbox 1959 2995 2019 3059; x_wconf 90' lang='lat' dir='ltr'><strong>ei</strong></span> <span class='ocrx_word' id='word_1_279' title='bbox 2055 2996 2371 3079; x_wconf 90' lang='lat' dir='ltr'><strong>perpetua</strong></span> <span class='ocrx_word' id='word_1_280' title='bbox 2416 2995 2490 3060; x_wconf 95' lang='lat' dir='ltr'><strong>in</strong></span> <span class='ocrx_word' id='word_1_281' title='bbox 2533 2994 2748 3059; x_wconf 91' lang='lat' dir='ltr'><strong>dubiis</strong></span> 
     </span>
    </p>

    <p class='ocr_par' dir='ltr' id='par_1_14' title="bbox 288 3082 2748 3345">
     <span class='ocr_line' id='line_1_33' title="bbox 288 3082 2748 3169; baseline 0.002 -27"><span class='ocrx_word' id='word_1_282' title='bbox 288 3092 359 3141; x_wconf 82' lang='lat'><strong>23</strong></span> <span class='ocrx_word' id='word_1_283' title='bbox 397 3083 591 3147; x_wconf 87' lang='lat' dir='ltr'><strong>rebus</strong></span> <span class='ocrx_word' id='word_1_284' title='bbox 629 3083 939 3148; x_wconf 74' lang='lat' dir='ltr'><strong>felicitaS.</strong></span> <span class='ocrx_word' id='word_1_285' title='bbox 977 3104 1259 3168; x_wconf 89' lang='lat' dir='ltr'><strong>namque</strong></span> <span class='ocrx_word' id='word_1_286' title='bbox 1286 3082 1687 3169; x_wconf 89' lang='lat' dir='ltr'><strong>praefectum</strong></span> <span class='ocrx_word' id='word_1_287' title='bbox 1716 3083 2044 3169; x_wconf 88' lang='lat' dir='ltr'><strong>equitatus</strong></span> <span class='ocrx_word' id='word_1_288' title='bbox 2084 3084 2346 3149; x_wconf 89' lang='lat' dir='ltr'><strong>avidum</strong></span> <span class='ocrx_word' id='word_1_289' title='bbox 2374 3083 2748 3149; x_wconf 88' lang='lat' dir='ltr'><strong>certaminis</strong></span> 
     </span>
     <span class='ocr_line' id='line_1_34' title="bbox 396 3171 2747 3257; baseline 0.001 -24"><span class='ocrx_word' id='word_1_290' title='bbox 396 3172 463 3233; x_wconf 92' lang='lat' dir='ltr'><strong>et</strong></span> <span class='ocrx_word' id='word_1_291' title='bbox 510 3171 595 3236; x_wconf 91' lang='lat' dir='ltr'><strong>ob</strong></span> <span class='ocrx_word' id='word_1_292' title='bbox 641 3171 709 3235; x_wconf 92' lang='lat' dir='ltr'><strong>id</strong></span> <span class='ocrx_word' id='word_1_293' title='bbox 752 3173 968 3256; x_wconf 90' lang='lat' dir='ltr'><strong>ipsum</strong></span> <span class='ocrx_word' id='word_1_294' title='bbox 1014 3172 1337 3237; x_wconf 89' lang='lat' dir='ltr'><strong>incautius</strong></span> <span class='ocrx_word' id='word_1_295' title='bbox 1382 3172 1454 3235; x_wconf 90' lang='lat' dir='ltr'><strong>in</strong></span> <span class='ocrx_word' id='word_1_296' title='bbox 1498 3194 1569 3236; x_wconf 89' lang='lat' dir='ltr'><strong>se</strong></span> <span class='ocrx_word' id='word_1_297' title='bbox 1615 3175 1910 3236; x_wconf 91' lang='lat' dir='ltr'><strong>ruentem</strong></span> <span class='ocrx_word' id='word_1_298' title='bbox 1962 3172 2160 3237; x_wconf 90' lang='lat' dir='ltr'><strong>hasta</strong></span> <span class='ocrx_word' id='word_1_299' title='bbox 2212 3172 2564 3257; x_wconf 89' lang='lat' dir='ltr'><strong>transfixit,</strong></span> <span class='ocrx_word' id='word_1_300' title='bbox 2619 3192 2747 3256; x_wconf 91' lang='lat' dir='ltr'><strong>quo</strong></span> 
     </span>
     <span class='ocr_line' id='line_1_35' title="bbox 397 3256 2747 3345; baseline 0.001 -24"><span class='ocrx_word' id='word_1_301' title='bbox 397 3256 475 3322; x_wconf 88' lang='lat' dir='ltr'><strong>ex</strong></span> <span class='ocrx_word' id='word_1_302' title='bbox 522 3280 687 3343; x_wconf 87' lang='lat' dir='ltr'><strong>equo</strong></span> <span class='ocrx_word' id='word_1_303' title='bbox 733 3261 916 3345; x_wconf 90' lang='lat' dir='ltr'><strong>lapso</strong></span> <span class='ocrx_word' id='word_1_304' title='bbox 962 3261 1329 3345; x_wconf 86' lang='lat' dir='ltr'><strong>proximum</strong></span> <span class='ocrx_word' id='word_1_305' title='bbox 1376 3282 1463 3329; x_wconf 90' lang='lat' dir='ltr'><strong>ac</strong></span> <span class='ocrx_word' id='word_1_306' title='bbox 1498 3260 1648 3327; x_wconf 88' lang='lat' dir='ltr'><strong>dein</strong></span> <span class='ocrx_word' id='word_1_307' title='bbox 1698 3260 1922 3344; x_wconf 88' lang='lat' dir='ltr'><strong>plures</strong></span> <span class='ocrx_word' id='word_1_308' title='bbox 1979 3260 2203 3327; x_wconf 91' lang='lat' dir='ltr'><strong>eodem</strong></span> <span class='ocrx_word' id='word_1_309' title='bbox 2257 3262 2390 3326; x_wconf 89' lang='lat' dir='ltr'><strong>telo</strong></span> <span class='ocrx_word' id='word_1_310' title='bbox 2437 3258 2747 3326; x_wconf 87' lang='lat' dir='ltr'><strong>confodit.</strong></span> 
     </span>
    </p>
   </div>
   <div class='ocr_carea' id='block_1_4' title="bbox 392 3486 2827 3558">
    <p class='ocr_par' dir='ltr' id='par_1_15' title="bbox 392 3486 2827 3558">
     <span class='ocr_line' id='line_1_36' title="bbox 392 3486 2827 3558; baseline 0 -19"><span class='ocrx_word' id='word_1_311' title='bbox 392 3502 431 3539; x_wconf 86' lang='lat' dir='ltr'><strong>a</strong></span> <span class='ocrx_word' id='word_1_312' title='bbox 466 3501 575 3540; x_wconf 82' lang='lat' dir='ltr'><strong>ros.</strong></span> <span class='ocrx_word' id='word_1_313' title='bbox 634 3516 703 3527; x_wconf 90' lang='lat'><strong>--</strong></span> <span class='ocrx_word' id='word_1_314' title='bbox 767 3492 1139 3557; x_wconf 75' lang='lat' dir='ltr'><strong>captantes.</strong></span> <span class='ocrx_word' id='word_1_315' title='bbox 1212 3486 1515 3543; x_wconf 85' lang='lat' dir='ltr'><strong>Dieselben</strong></span> <span class='ocrx_word' id='word_1_316' title='bbox 1625 3487 1972 3543; x_wconf 80' lang='lat' dir='ltr'><strong>schliesslich</strong></span> <span class='ocrx_word' id='word_1_317' title='bbox 2011 3532 2022 3545; x_wconf 88' lang='lat'><strong>.</strong></span> <span class='ocrx_word' id='word_1_318' title='bbox 2055 3531 2067 3544; x_wconf 92' lang='lat'><strong>.</strong></span> <span class='ocrx_word' id='word_1_319' title='bbox 2105 3488 2356 3558; x_wconf 84' lang='lat' dir='ltr'><strong>gelangt.</strong></span> <span class='ocrx_word' id='word_1_320' title='bbox 2403 3486 2592 3542; x_wconf 89' lang='lat' dir='ltr'><strong>Wann</strong></span> <span class='ocrx_word' id='word_1_321' title='bbox 2628 3487 2744 3541; x_wconf 89' lang='lat' dir='ltr'><strong>und</strong></span> <span class='ocrx_word' id='word_1_322' title='bbox 2820 3486 2827 3493; x_wconf 88' lang='lat'>&#39;</span> 
     </span>
    </p>
   </div>
   <div class='ocr_carea' id='block_1_5' title="bbox 394 3557 2745 3840">
    <p class='ocr_par' dir='ltr' id='par_1_16' title="bbox 474 3557 2741 3627">
     <span class='ocr_line' id='line_1_37' title="bbox 474 3557 2741 3627; baseline 0.001 -16"><span class='ocrx_word' id='word_1_323' title='bbox 474 3558 595 3611; x_wconf 89' lang='lat' dir='ltr'><strong>orte</strong></span> <span class='ocrx_word' id='word_1_324' title='bbox 636 3562 810 3613; x_wconf 79' lang='grc'><strong>’1.14.</strong></span> <span class='ocrx_word' id='word_1_325' title='bbox 1622 3576 1710 3614; x_wconf 90' lang='lat' dir='ltr'><strong>vvo</strong></span> <span class='ocrx_word' id='word_1_326' title='bbox 1749 3576 1809 3614; x_wconf 89' lang='lat' dir='ltr'><strong>er</strong></span> <span class='ocrx_word' id='word_1_327' title='bbox 1843 3558 1982 3613; x_wconf 87' lang='lat' dir='ltr'><strong>Halt</strong></span> <span class='ocrx_word' id='word_1_328' title='bbox 2015 3558 2260 3627; x_wconf 83' lang='lat' dir='ltr'><strong>machte,</strong></span> <span class='ocrx_word' id='word_1_329' title='bbox 2301 3557 2488 3613; x_wconf 89' lang='lat' dir='ltr'><strong>bleibt</strong></span> <span class='ocrx_word' id='word_1_330' title='bbox 2522 3558 2741 3614; x_wconf 86' lang='lat' dir='ltr'><strong>unklar.</strong></span> 
     </span>
    </p>

    <p class='ocr_par' dir='ltr' id='par_1_17' title="bbox 394 3628 2740 3769">
     <span class='ocr_line' id='line_1_38' title="bbox 469 3628 2740 3698; baseline 0.001 -18"><span class='ocrx_word' id='word_1_331' title='bbox 469 3632 554 3682; x_wconf 89' lang='lat'><strong>13.</strong></span> <span class='ocrx_word' id='word_1_332' title='bbox 592 3630 942 3698; x_wconf 76' lang='lat' dir='ltr'><strong>resolutis,</strong></span> <span class='ocrx_word' id='word_1_333' title='bbox 979 3629 1040 3685; x_wconf 90' lang='lat' dir='ltr'><strong>in</strong></span> <span class='ocrx_word' id='word_1_334' title='bbox 1068 3630 1251 3685; x_wconf 88' lang='lat' dir='ltr'><strong>dieser</strong></span> <span class='ocrx_word' id='word_1_335' title='bbox 1277 3628 1515 3685; x_wconf 89' lang='lat' dir='ltr'><strong>Verbin-</strong></span> <span class='ocrx_word' id='word_1_336' title='bbox 1696 3636 1781 3688; x_wconf 84' lang='grc'><strong>17.</strong></span> <span class='ocrx_word' id='word_1_337' title='bbox 1819 3630 2116 3685; x_wconf 81' lang='lat' dir='ltr'><strong>intravit</strong></span> <span class='ocrx_word' id='word_1_338' title='bbox 2149 3628 2240 3683; x_wconf 73' lang='lat' dir='ltr'><strong>fur</strong></span> <span class='ocrx_word' id='word_1_339' title='bbox 2265 3630 2458 3697; x_wconf 76' lang='lat' dir='ltr'><strong>subiit,</strong></span> <span class='ocrx_word' id='word_1_340' title='bbox 2485 3628 2592 3684; x_wconf 80' lang='lat' dir='ltr'><strong>wie</strong></span> <span class='ocrx_word' id='word_1_341' title='bbox 2609 3630 2740 3683; x_wconf 89' lang='lat' dir='ltr'><strong>Tac.</strong></span> 
     </span>
     <span class='ocr_line' id='line_1_39' title="bbox 394 3697 2652 3769; baseline -0.001 -16"><span class='ocrx_word' id='word_1_342' title='bbox 394 3697 549 3769; x_wconf 81' lang='lat' dir='ltr'><strong>dung</strong></span> <span class='ocrx_word' id='word_1_343' title='bbox 584 3699 858 3769; x_wconf 86' lang='lat' dir='ltr'><strong>poetisch.</strong></span> <span class='ocrx_word' id='word_1_344' title='bbox 1623 3718 1751 3755; x_wconf 90' lang='lat' dir='ltr'><strong>ann.</strong></span> <span class='ocrx_word' id='word_1_345' title='bbox 1794 3707 1841 3757; x_wconf 92' lang='lat'><strong>1.</strong></span> <span class='ocrx_word' id='word_1_346' title='bbox 1879 3706 1947 3754; x_wconf 84' lang='grc'><strong>39</strong></span> <span class='ocrx_word' id='word_1_347' title='bbox 1977 3700 2216 3769; x_wconf 74' lang='lat' dir='ltr'><strong>pavidos</strong></span> <span class='ocrx_word' id='word_1_348' title='bbox 2250 3700 2430 3755; x_wconf 77' lang='lat' dir='ltr'><strong>intrat</strong></span> <span class='ocrx_word' id='word_1_349' title='bbox 2463 3706 2652 3755; x_wconf 80' lang='lat' dir='ltr'><strong>metus.</strong></span> 
     </span>
    </p>

    <p class='ocr_par' dir='ltr' id='par_1_18' title="bbox 470 3770 2745 3840">
     <span class='ocr_line' id='line_1_40' title="bbox 470 3770 2745 3840; baseline -0.001 -15"><span class='ocrx_word' id='word_1_350' title='bbox 470 3776 553 3825; x_wconf 88' lang='lat'><strong>15.</strong></span> <span class='ocrx_word' id='word_1_351' title='bbox 612 3770 1049 3826; x_wconf 75' lang='lat' dir='ltr'><strong>clamantium</strong></span> <span class='ocrx_word' id='word_1_352' title='bbox 1085 3771 1176 3825; x_wconf 66' lang='lat' dir='ltr'><strong>fiir</strong></span> <span class='ocrx_word' id='word_1_353' title='bbox 1211 3772 1514 3826; x_wconf 79' lang='lat' dir='ltr'><strong>inclamoen-</strong></span> <span class='ocrx_word' id='word_1_354' title='bbox 1697 3775 1780 3825; x_wconf 91' lang='lat'><strong>18.</strong></span> <span class='ocrx_word' id='word_1_355' title='bbox 1811 3786 2160 3839; x_wconf 77' lang='lat' dir='ltr'><strong>praeceps,</strong></span> <span class='ocrx_word' id='word_1_356' title='bbox 2193 3770 2306 3840; x_wconf 87' lang='lat' dir='ltr'><strong>vgl.</strong></span> <span class='ocrx_word' id='word_1_357' title='bbox 2334 3772 2633 3840; x_wconf 78' lang='lat' dir='ltr'><strong>praecipiti</strong></span> <span class='ocrx_word' id='word_1_358' title='bbox 2669 3770 2745 3823; x_wconf 82' lang='lat' dir='ltr'><strong>ad</strong></span> 
     </span>
    </p>
   </div>
   <div class='ocr_carea' id='block_1_6' title="bbox 391 3840 2743 4407">
    <p class='ocr_par' dir='ltr' id='par_1_19' title="bbox 391 3840 2743 4265">
     <span class='ocr_line' id='line_1_41' title="bbox 393 3840 2743 3912; baseline -0 -17"><span class='ocrx_word' id='word_1_359' title='bbox 393 3841 533 3896; x_wconf 79' lang='lat' dir='ltr'><strong>tiam</strong></span> <span class='ocrx_word' id='word_1_360' title='bbox 577 3840 654 3897; x_wconf 87' lang='lat' dir='ltr'><strong>ist</strong></span> <span class='ocrx_word' id='word_1_361' title='bbox 688 3841 961 3897; x_wconf 88' lang='lat' dir='ltr'><strong>ebenfalls</strong></span> <span class='ocrx_word' id='word_1_362' title='bbox 1000 3840 1272 3912; x_wconf 85' lang='lat' dir='ltr'><strong>poetisch.</strong></span> <span class='ocrx_word' id='word_1_363' title='bbox 1346 3841 1509 3896; x_wconf 82' lang='lat' dir='ltr'><strong>Sinn:</strong></span> <span class='ocrx_word' id='word_1_364' title='bbox 1621 3854 1896 3909; x_wconf 74' lang='lat' dir='ltr'><strong>vesperam</strong></span> <span class='ocrx_word' id='word_1_365' title='bbox 1949 3841 2039 3895; x_wconf 82' lang='lat' dir='ltr'><strong>die</strong></span> <span class='ocrx_word' id='word_1_366' title='bbox 2082 3842 2206 3899; x_wconf 87' lang='lat' dir='ltr'><strong>Liv.</strong></span> <span class='ocrx_word' id='word_1_367' title='bbox 2254 3846 2339 3896; x_wconf 97' lang='grc'><strong>25.</strong></span> <span class='ocrx_word' id='word_1_368' title='bbox 2388 3847 2474 3895; x_wconf 85' lang='grc'><strong>34.</strong></span> <span class='ocrx_word' id='word_1_369' title='bbox 2531 3847 2615 3894; x_wconf 89' lang='grc'><strong>14.</strong></span> <span class='ocrx_word' id='word_1_370' title='bbox 2670 3868 2743 3878; x_wconf 92' lang='lat'><strong>-—</strong></span> 
     </span>
     <span class='ocr_line' id='line_1_42' title="bbox 395 3910 2603 3983; baseline -0.001 -17"><span class='ocrx_word' id='word_1_371' title='bbox 395 3911 475 3967; x_wconf 86' lang='lat' dir='ltr'><strong>sie</strong></span> <span class='ocrx_word' id='word_1_372' title='bbox 512 3910 690 3967; x_wconf 84' lang='lat' dir='ltr'><strong>riefen</strong></span> <span class='ocrx_word' id='word_1_373' title='bbox 724 3913 871 3968; x_wconf 89' lang='lat' dir='ltr'><strong>noch</strong></span> <span class='ocrx_word' id='word_1_374' title='bbox 905 3912 1107 3967; x_wconf 89' lang='lat' dir='ltr'><strong>immer</strong></span> <span class='ocrx_word' id='word_1_375' title='bbox 1141 3912 1301 3967; x_wconf 88' lang='lat' dir='ltr'><strong>ihren</strong></span> <span class='ocrx_word' id='word_1_376' title='bbox 1328 3912 1514 3983; x_wconf 67' lang='lat' dir='ltr'><strong>Konig</strong></span> <span class='ocrx_word' id='word_1_377' title='bbox 1621 3915 1948 3966; x_wconf 78' lang='lat' dir='ltr'><strong>causatus</strong></span> <span class='ocrx_word' id='word_1_378' title='bbox 1983 3916 2105 3979; x_wconf 86' lang='lat' dir='ltr'><strong>est,</strong></span> <span class='ocrx_word' id='word_1_379' title='bbox 2147 3912 2424 3967; x_wconf 74' lang='lat' dir='ltr'><strong>‘schfitzte</strong></span> <span class='ocrx_word' id='word_1_380' title='bbox 2461 3911 2603 3967; x_wconf 90' lang='lat' dir='ltr'><strong>vor’.</strong></span> 
     </span>
     <span class='ocr_line' id='line_1_43' title="bbox 391 3980 2740 4047; baseline -0.001 -11"><span class='ocrx_word' id='word_1_381' title='bbox 391 3982 597 4037; x_wconf 86' lang='lat' dir='ltr'><strong>Darius</strong></span> <span class='ocrx_word' id='word_1_382' title='bbox 626 4000 715 4047; x_wconf 88' lang='lat' dir='ltr'><strong>an,</strong></span> <span class='ocrx_word' id='word_1_383' title='bbox 746 3982 831 4037; x_wconf 86' lang='lat' dir='ltr'><strong>als</strong></span> <span class='ocrx_word' id='word_1_384' title='bbox 858 3983 1080 4038; x_wconf 86' lang='lat' dir='ltr'><strong>befindc</strong></span> <span class='ocrx_word' id='word_1_385' title='bbox 1110 4000 1173 4038; x_wconf 86' lang='lat' dir='ltr'><strong>er</strong></span> <span class='ocrx_word' id='word_1_386' title='bbox 1200 3982 1323 4039; x_wconf 87' lang='lat' dir='ltr'><strong>sich</strong></span> <span class='ocrx_word' id='word_1_387' title='bbox 1349 3986 1515 4038; x_wconf 83' lang='lat' dir='ltr'><strong>unter</strong></span> <span class='ocrx_word' id='word_1_388' title='bbox 1693 3987 1778 4037; x_wconf 91' lang='grc'><strong>20.</strong></span> <span class='ocrx_word' id='word_1_389' title='bbox 1817 3982 1935 4037; x_wconf 78' lang='lat' dir='ltr'><strong>hoe</strong></span> <span class='ocrx_word' id='word_1_390' title='bbox 1969 3983 2078 4038; x_wconf 82' lang='lat' dir='ltr'><strong>die</strong></span> <span class='ocrx_word' id='word_1_391' title='bbox 2114 4000 2158 4039; x_wconf 85' lang='lat' dir='ltr'><strong>s.</strong></span> <span class='ocrx_word' id='word_1_392' title='bbox 2196 3980 2259 4037; x_wconf 91' lang='grc' dir='ltr'><strong>Ε.</strong></span> <span class='ocrx_word' id='word_1_393' title='bbox 2289 3987 2376 4037; x_wconf 96' lang='grc'><strong>24.</strong></span> <span class='ocrx_word' id='word_1_394' title='bbox 2426 3981 2588 4036; x_wconf 86' lang='lat' dir='ltr'><strong>Nach</strong></span> <span class='ocrx_word' id='word_1_395' title='bbox 2615 3980 2740 4034; x_wconf 88' lang='lat' dir='ltr'><strong>Arr.</strong></span> 
     </span>
     <span class='ocr_line' id='line_1_44' title="bbox 396 4025 2740 4124; baseline -0.001 -17"><span class='ocrx_word' id='word_1_396' title='bbox 396 4053 503 4108; x_wconf 89' lang='lat' dir='ltr'><strong>den</strong></span> <span class='ocrx_word' id='word_1_397' title='bbox 540 4025 1118 4109; x_wconf 77' lang='lat' dir='ltr'><strong>Vorfiberziehenden.</strong></span> <span class='ocrx_word' id='word_1_398' title='bbox 1193 4056 1277 4110; x_wconf 83' lang='lat' dir='ltr'><strong>ad</strong></span> <span class='ocrx_word' id='word_1_399' title='bbox 1284 4056 1410 4110; x_wconf 79' lang='lat' dir='ltr'><strong>hae</strong></span> <span class='ocrx_word' id='word_1_400' title='bbox 1444 4073 1515 4109; x_wconf 84' lang='lat' dir='ltr'><strong>zu</strong></span> <span class='ocrx_word' id='word_1_401' title='bbox 1623 4053 1871 4121; x_wconf 77' lang='lat' dir='ltr'><strong>geschah</strong></span> <span class='ocrx_word' id='word_1_402' title='bbox 1899 4054 2000 4108; x_wconf 87' lang='lat' dir='ltr'><strong>das</strong></span> <span class='ocrx_word' id='word_1_403' title='bbox 2028 4052 2170 4124; x_wconf 84' lang='lat' dir='ltr'><strong>Folg</strong></span> <span class='ocrx_word' id='word_1_404' title='bbox 2172 4054 2312 4109; x_wconf 86' lang='lat' dir='ltr'><strong>ende</strong></span> <span class='ocrx_word' id='word_1_405' title='bbox 2341 4053 2486 4107; x_wconf 87' lang='lat' dir='ltr'><strong>noch</strong></span> <span class='ocrx_word' id='word_1_406' title='bbox 2514 4068 2616 4107; x_wconf 87' lang='lat' dir='ltr'><strong>vor</strong></span> <span class='ocrx_word' id='word_1_407' title='bbox 2637 4050 2740 4105; x_wconf 86' lang='lat' dir='ltr'><strong>der</strong></span> 
     </span>
     <span class='ocr_line' id='line_1_45' title="bbox 394 4072 2741 4197; baseline -0 -20"><span class='ocrx_word' id='word_1_408' title='bbox 394 4125 547 4179; x_wconf 89' lang='lat' dir='ltr'><strong>verb.</strong></span> <span class='ocrx_word' id='word_1_409' title='bbox 558 4126 1060 4192; x_wconf 76' lang='lat' dir='ltr'><strong>mitclamantium;</strong></span> <span class='ocrx_word' id='word_1_410' title='bbox 1075 4125 1257 4197; x_wconf 72' lang='lat' dir='ltr'><strong>fibrig.</strong></span> <span class='ocrx_word' id='word_1_411' title='bbox 1271 4142 1313 4182; x_wconf 85' lang='lat' dir='ltr'><strong>s.</strong></span> <span class='ocrx_word' id='word_1_412' title='bbox 1326 4124 1389 4179; x_wconf 88' lang='grc' dir='ltr'><strong>Ε.</strong></span> <span class='ocrx_word' id='word_1_413' title='bbox 1395 4131 1511 4180; x_wconf 63' lang='grc'><strong>749..</strong></span> <span class='ocrx_word' id='word_1_414' title='bbox 1621 4072 2315 4196; x_wconf 81' lang='lat' dir='ltr'><strong>VerfolgungderFeinde.</strong></span> <span class='ocrx_word' id='word_1_415' title='bbox 2329 4125 2480 4180; x_wconf 86' lang='lat' dir='ltr'><strong>-in</strong></span> <span class='ocrx_word' id='word_1_416' title='bbox 2506 4124 2741 4193; x_wconf 70' lang='lat' dir='ltr'><strong>fayam</strong></span> 
     </span>
     <span class='ocr_line' id='line_1_46' title="bbox 470 4167 2273 4265; baseline 0.001 -17"><span class='ocrx_word' id='word_1_417' title='bbox 470 4200 553 4249; x_wconf 88' lang='grc'><strong>16.</strong></span> <span class='ocrx_word' id='word_1_418' title='bbox 591 4202 663 4250; x_wconf 79' lang='lat' dir='ltr'><strong>ut</strong></span> <span class='ocrx_word' id='word_1_419' title='bbox 698 4212 873 4265; x_wconf 78' lang='lat' dir='ltr'><strong>supra</strong></span> <span class='ocrx_word' id='word_1_420' title='bbox 907 4167 1069 4253; x_wconf 69' lang='lat' dir='ltr'><strong>dict’.</strong></span> <span class='ocrx_word' id='word_1_421' title='bbox 1106 4204 1202 4253; x_wconf 84' lang='lat' dir='ltr'><strong>est</strong></span> <span class='ocrx_word' id='word_1_422' title='bbox 1236 4196 1354 4251; x_wconf 84' lang='lat' dir='ltr'><strong>bez.</strong></span> <span class='ocrx_word' id='word_1_423' title='bbox 1394 4195 1515 4249; x_wconf 87' lang='lat' dir='ltr'><strong>sich</strong></span> <span class='ocrx_word' id='word_1_424' title='bbox 1625 4196 1884 4263; x_wconf 77' lang='lat' dir='ltr'><strong>effusos</strong></span> <span class='ocrx_word' id='word_1_425' title='bbox 1919 4197 2026 4250; x_wconf 84' lang='lat' dir='ltr'><strong>wie</strong></span> <span class='ocrx_word' id='word_1_426' title='bbox 2066 4200 2149 4251; x_wconf 89' lang='grc'><strong>15.</strong></span> <span class='ocrx_word' id='word_1_427' title='bbox 2189 4201 2273 4252; x_wconf 90' lang='grc'><strong>29.</strong></span> 
     </span>
    </p>

    <p class='ocr_par' dir='ltr' id='par_1_20' title="bbox 394 4264 2741 4407">
     <span class='ocr_line' id='line_1_47' title="bbox 394 4264 2741 4323; baseline 0.002 -7"><span class='ocrx_word' id='word_1_428' title='bbox 394 4281 501 4317; x_wconf 88' lang='lat' dir='ltr'><strong>nur</strong></span> <span class='ocrx_word' id='word_1_429' title='bbox 537 4266 638 4319; x_wconf 86' lang='lat' dir='ltr'><strong>auf</strong></span> <span class='ocrx_word' id='word_1_430' title='bbox 668 4268 783 4321; x_wconf 78' lang='lat' dir='ltr'><strong>inh.</strong></span> <span class='ocrx_word' id='word_1_431' title='bbox 820 4284 863 4321; x_wconf 87' lang='lat' dir='ltr'><strong>s.</strong></span> <span class='ocrx_word' id='word_1_432' title='bbox 893 4285 915 4322; x_wconf 78' lang='lat' dir='ltr'><strong>i</strong></span> <span class='ocrx_word' id='word_1_433' title='bbox 1010 4273 1113 4322; x_wconf 81' lang='lat' dir='ltr'><strong>eta.</strong></span> <span class='ocrx_word' id='word_1_434' title='bbox 1168 4266 1329 4321; x_wconf 87' lang='lat' dir='ltr'><strong>Sinn.</strong></span> <span class='ocrx_word' id='word_1_435' title='bbox 1366 4264 1516 4319; x_wconf 89' lang='lat' dir='ltr'><strong>nach</strong></span> <span class='ocrx_word' id='word_1_436' title='bbox 1697 4272 1781 4321; x_wconf 88' lang='grc'><strong>21.</strong></span> <span class='ocrx_word' id='word_1_437' title='bbox 1808 4268 2162 4323; x_wconf 74' lang='lat' dir='ltr'><strong>inhibuere</strong></span> <span class='ocrx_word' id='word_1_438' title='bbox 2194 4282 2460 4321; x_wconf 77' lang='lat' dir='ltr'><strong>cursum</strong></span> <span class='ocrx_word' id='word_1_439' title='bbox 2488 4265 2595 4321; x_wconf 84' lang='lat' dir='ltr'><strong>wie</strong></span> <span class='ocrx_word' id='word_1_440' title='bbox 2625 4266 2741 4323; x_wconf 77' lang='lat' dir='ltr'><strong>inh.</strong></span> 
     </span>
     <span class='ocr_line' id='line_1_48' title="bbox 395 4284 2608 4407; baseline 0 -16"><span class='ocrx_word' id='word_1_441' title='bbox 395 4334 579 4391; x_wconf 83' lang='lat' dir='ltr'><strong>ciuem</strong></span> <span class='ocrx_word' id='word_1_442' title='bbox 616 4336 885 4404; x_wconf 70' lang='lat' dir='ltr'><strong>langeren</strong></span> <span class='ocrx_word' id='word_1_443' title='bbox 916 4284 1059 4394; x_wconf 45' lang='grc' dir='ltr'><strong>,ἔζη</strong></span> <span class='ocrx_word' id='word_1_444' title='bbox 1106 4339 1158 4407; x_wconf 68' lang='grc' dir='ltr'><strong>(ἓ</strong></span> <span class='ocrx_word' id='word_1_445' title='bbox 1202 4340 1257 4407; x_wconf 87' lang='grc'><strong>3)</strong></span> <span class='ocrx_word' id='word_1_446' title='bbox 1300 4352 1418 4391; x_wconf 83' lang='lat' dir='ltr'><strong>war</strong></span> <span class='ocrx_word' id='word_1_447' title='bbox 1454 4351 1515 4390; x_wconf 87' lang='lat' dir='ltr'><strong>er</strong></span> <span class='ocrx_word' id='word_1_448' title='bbox 1622 4339 1881 4407; x_wconf 77' lang='lat' dir='ltr'><strong>impetum</strong></span> <span class='ocrx_word' id='word_1_449' title='bbox 1917 4344 1947 4404; x_wconf 65' lang='grc' dir='ltr'><strong>ς</strong></span> <span class='ocrx_word' id='word_1_450' title='bbox 1986 4341 2078 4405; x_wconf 84' lang='grc'><strong>16;</strong></span> <span class='ocrx_word' id='word_1_451' title='bbox 2114 4336 2233 4394; x_wconf 89' lang='lat' dir='ltr'><strong>Liv.</strong></span> <span class='ocrx_word' id='word_1_452' title='bbox 2273 4342 2358 4392; x_wconf 84' lang='lat'><strong>39.</strong></span> <span class='ocrx_word' id='word_1_453' title='bbox 2399 4342 2484 4393; x_wconf 86' lang='grc'><strong>21.</strong></span> <span class='ocrx_word' id='word_1_454' title='bbox 2527 4343 2608 4392; x_wconf 90' lang='grc'><strong>10.</strong></span> 
     </span>
    </p>
   </div>
  </div>
 </body>
</html>
