3069 4749
832 131 1348 186 HISTORIARUM
1382 127 1818 183 ALEXANDRI
1854 127 2007 194 VIII,
2043 133 2093 182 2.

2508 125 2638 188 115
2707 99 2716 110 '

282 303 569 364 ceterum
606 297 817 360 mater
855 293 1203 377 eademque
1242 293 1471 357 coniux
1509 291 1898 356 morituram
1937 311 2006 356 se
2043 293 2196 354 ante
2231 288 2638 366 denuntians,

282 407 478 472 quam
535 386 603 448 in
658 382 856 448 ullius
912 383 1164 446 veniret
1224 384 1647 464 potestatem,
1709 379 1974 444 barbari
2037 379 2327 443 animum
2381 377 2464 441 ad
2527 377 2640 441 ho-

278 475 572 540 nestiora
618 489 815 556 quam
860 471 1105 534 tutiora
1148 472 1556 534 converterat
1599 467 2008 552 pudebatque
2054 467 2382 531 libertatis
2419 465 2638 530 *maius

282 585 425 629 esse
470 561 645 645 apud
688 559 967 624 feminas
1014 580 1208 642 quam
1254 557 1426 641 apud
1470 558 1646 621 viros
1701 557 2004 640 pretium.
2085 555 2314 639 Itaque
2369 553 2637 619 dimisso
2675 575 2748 622 29

282 649 688 717 internuntio
734 648 915 732 pacis
955 647 1358 711 obsidionem
1402 645 1571 710 ferre
1609 646 1998 709 decreverat.
2069 642 2201 709 Sed
2239 664 2385 708 cum
2429 643 2638 708 hostis

284 741 455 804 vires
497 758 774 822 suasque
808 738 1130 819 pensaret,
1166 755 1393 799 rursus
1420 734 1767 799 muliebris
1806 732 2080 815 consilii,
2117 731 2294 817 quod
2328 751 2640 815 praeceps

286 828 499 912 magis
549 847 742 910 quam
786 825 1221 889 necessarium
1268 845 1411 888 esse
1453 823 1786 905 credebat,
1830 821 2166 906 paenitere
2212 841 2360 885 eum
2403 821 2642 903 coepit.

286 916 743 998 Revocatoque
799 917 1059 978 strenue
1116 911 1355 977 Oxarte
1418 912 1712 976 futurum
1767 931 1837 974 se
1888 910 1961 974 in
2015 909 2190 992 regis
2247 912 2642 992 potestatem
2679 929 2751 978 30

285 1003 649 1087 respondit,
701 1024 901 1067 unum
946 1005 1274 1084 precatae,
1326 1023 1408 1065 ne
1452 1001 1864 1065 voluntatem
1908 1003 1978 1063 et
2023 997 2368 1063 consilium
2410 997 2641 1062 matris

286 1115 442 1156 suae
506 1091 839 1176 proderet,
910 1113 1036 1174 quo
1100 1089 1356 1154 facilius
1422 1090 1614 1154 venia
1677 1089 1779 1152 illi
1844 1107 2100 1172 quoque
2165 1087 2643 1170 impetraretur.

283 1181 725 1254 Praemissum
785 1179 995 1262 >igitur
1058 1176 1348 1244 Oxarten
1412 1199 1560 1242 cum
1626 1181 1834 1242 matre
1897 1175 2252 1259 liberisque
2313 1177 2394 1239 et'
2435 1174 2641 1238 totius
2680 1195 2744 1243 31

288 1269 695 1352 cognationis
752 1287 951 1350 grege
1010 1267 1430 1350 sequebatur,
1492 1287 1577 1330 ne
1633 1268 1974 1348 expectato
2033 1264 2294 1348 quidem
2343 1263 2497 1328 fidei
2545 1262 2646 1345 pi-

288 1377 517 1441 gnore,
569 1356 745 1441 >quod
792 1355 1066 1420 Oxartes
1122 1355 1531 1439 promiserat.

1621 1353 1760 1418 Rex
1817 1355 2032 1438 equite
2087 1351 2446 1435 praemisso
2456 1401 2474 1434 ,
2528 1351 2643 1436 qui
2682 1371 2749 1420 ³2

286 1445 523 1510 reverti
579 1467 689 1510 eos
746 1445 1000 1509 iuberet
1046 1444 1455 1528 opperirique
1501 1441 1942 1526 praesentiam
1985 1441 2221 1525 ipsius,
2269 1440 2650 1523 supervenit

288 1539 356 1598 et
408 1534 691 1599 victimis
738 1531 1067 1596 Minervae
1122 1554 1199 1596 ac
1246 1531 1581 1598 Victoriae
1637 1530 1842 1595 caenis
1899 1530 2241 1614 imperium
2289 1526 2648 1594 Sisimithri

288 1622 577 1686 restituit
608 1641 737 1705 -spe
782 1621 1050 1686 maioris
1098 1621 1297 1684 etiam
1341 1619 1720 1703 provinciae
1762 1619 1965 1701 facta,
2022 1619 2080 1682 si
2127 1639 2272 1682 cum
2315 1617 2440 1682 fide
2487 1617 2646 1681 ami—

290 1709 512 1774 citiam
549 1709 755 1793 ipsius
794 1709 1122 1774 coluisset.
1194 1707 1377 1773 Duos
1414 1708 1517 1772 illi
1557 1709 1821 1772 iuvenes
1867 1711 2054 1790 patre
2091 1707 2388 1772 tradente
2427 1725 2645 1770 secum
2683 1728 2752 1777 33

290 1799 693 1863 militaturos
742 1798 925 1881 sequi
968 1798 1179 1862 iussit.

187 1892 271 1955 10
464 1885 721 1950 Relicta
784 1886 1013 1950 deinde
1087 1886 1411 1969 phalange
1479 1884 1559 1949 ad
1632 1885 2022 1970 subigendos
2087 1883 2458 1967 Soydiano's,
2529 1884 2644 1969 qui
2683 1907 2753 1954 34

290 1975 687 2058 defecerant,
734 1995 880 2060 cum
927 1974 1144 2058 equite
1188 1975 1524 2058 processit.
1609 1972 1906 2038 Arduum
1950 1977 2018 2036 et
2065 1973 2422 2056 inpeditum
2473 1973 2645 2038 saxis
2699 2025 2702 2028 .

291 2063 419 2128 iter
473 2063 687 2145 primo
742 2065 1091 2146 utcumque
1146 2063 1548 2146 tolerabant,
1609 2083 1764 2127 mox
1827 2083 2140 2146 equorum
2199 2083 2331 2126 non
2383 2062 2647 2146 ungulis

362 2241 448 2289 28.
496 2237 581 2290 ad
622 2235 1014 2290 honestiora
1067 2253 1259 2306 quam
1310 2242 1413 2291 ta-

288 2307 499 2373 tiora,
536 2306 666 2360 sehr
701 2305 865 2360 barte
900 2299 1409 2378 Substantiviru‘ng.

289 2377 418 2447 Vgl.
456 2384 507 2433 4.
546 2384 595 2433 2.
635 2382 686 2443 8,
728 2382 825 2444 12;
876 2382 925 2432 8.
969 2384 1015 2431 1.
1053 2382 1123 2431 38
1159 2396 1211 2433 u.
1252 2378 1411 2433 livia-

288 2448 483 2503 nische
501 2447 878 2519 Wendungen
896 2448 1001 2503 wie
1016 2464 1120 2517 per
1138 2450 1413 2505 instructa

290 2520 503 2586 omnia,
542 2536 647 2587 per
691 2520 851 2573 invia
874 2521 1168 2589 pleraque,
1210 2522 1285 2575 ad
1311 2537 1411 2590 po-

288 2591 490 2644 tiwnda
525 2595 747 2658 sperata
779 2608 831 2643 u.
862 2590 975 2660 dgl.
1010 2622 1073 2630 —·
1100 2593 1411 2659 pretium.

289 2660 424 2713 Man
456 2662 585 2729 sagt
620 2661 836 2715 sowohl
878 2677 964 2715 res
1008 2666 1086 2715 est
1128 2663 1196 2714 in
1229 2664 1415 2730 pretio

291 2731 377 2785 als
414 2731 560 2786 auch
595 2738 674 2786 est
717 2734 801 2785 rei
837 2733 1081 2799 pretim
1124 2732 1204 2785 im
1244 2733 1413 2787 Sinne

288 2818 424 2856 von:
504 2802 649 2857 ‘eine
724 2802 905 2857 Sache
978 2803 1079 2857 hat
1150 2802 1410 2874 Geltung‚

288 2871 531 2927 Werth'.

361 2948 446 2997 29.
475 2946 933 2999 necessarium
958 2944 1011 2998 d.
1030 2943 1068 2997 i.
1096 2944 1413 3013 unbedingt

290 3012 546 3083 geboten.
630 3015 745 3069 Der
799 3015 1139 3085 cigentliche
1192 3014 1409 3085 Gegan-

290 3086 409 3137 satz
430 3090 577 3139 ware
604 3087 901 3151 salabre,
924 3086 1110 3140 utile.
1166 3086 1281 3140 Der
1299 3104 1411 3141 von

290 3153 347 3209 O.
387 3157 667 3223 gewahlte
703 3158 1001 3211 Ausdruck
1039 3156 1117 3210 ist
1150 3156 1369 3211 milder.

360 3232 445 3281 30.
498 3229 569 3281 in
622 3229 803 3297 reyis
850 3232 1249 3296 potestatem
1302 3228 1409 3283 wie

289 3301 373 3351 10.
414 3303 460 3353 7.
496 3306 546 3353 9.
609 3296 777 3353 Diese
810 3296 1165 3368 griechische
1201 3302 1405 3355 constr.

287 3368 361 3421 ad
416 3384 665 3434 sensum,
718 3370 780 3423 in
834 3370 933 3424 der
985 3368 1079 3423 bei
1132 3385 1241 3423 esse
1293 3370 1408 3424 und

286 3438 481 3493 habere
520 3439 616 3494 ein
652 3439 867 3509 Begriff
903 3440 1010 3495 wie
1056 3441 1239 3494 venire
1282 3457 1406 3494 vor-

288 3510 553 3578 schwebt,
580 3510 657 3565 ist
681 3510 1125 3566 vorherrschend
1151 3510 1279 3564 dem
1304 3510 1409 3565 Cu-

285 3579 495 3633 rialstil
540 3580 707 3650 eigen
751 3581 868 3635 und
911 3581 1255 3637 beschritnkt
1288 3582 1409 3636 sich

287 3649 391 3705 auf
430 3650 663 3718 gewisse
700 3652 973 3707 theu:
1020 3655 1089 3707 in
1120 3653 1409 3720 dicionem,

275 3726 600 3791 potestatem
627 3738 763 3788 esse;
796 3725 862 3777 in
888 3725 1191 3779 custodiam
1216 3725 1409 3779 habere

285 3809 339 3845 u.
380 3797 429 3848 a.
504 3792 665 3846 Auch
713 3792 905 3849 Cicero
950 3795 1054 3850 hat
1098 3796 1204 3862 sie,
1251 3814 1294 3849 z.
1344 3795 1405 3852 B.

283 3862 442 3919 Verr.
484 3867 532 3917 5.
573 3869 667 3930 983
707 3865 776 3919 de
812 3866 946 3934 imp.
986 3864 1079 3920 Cn.
1110 3866 1305 3936 Pomp.
1334 3872 1403 3921 33

284 3935 453 4001 (nach
490 3932 706 3989 Gellius
748 3942 793 3991 1.
836 3941 884 3991 7.
926 3938 1031 4006 16).
1104 3936 1228 3991 Den
1272 3937 1405 3991 Ab·

285 4005 462 4060 lativ
499 4006 742 4060 braucht
774 4005 994 4061 Curtius
1028 4006 1088 4061 in
1125 4006 1407 4077 gleichem

282 4074 441 4131 Falle
469 4082 521 4130 4.
554 4082 636 4131 14.
670 4083 766 4143 13ς4
792 4082 843 4133 5.
874 4083 923 4133 9.
946 4083 978 4132 ὅ
1004 4097 1058 4135 u.
1088 4082 1261 4132 unten
1280 4084 1331 4132 3.
1354 4085 1404 4133 ’1.

282 4148 445 4201 Auch
469 4146 663 4203 Livius
698 4149 803 4203 hat
830 4148 995 4203 beide
1022 4147 1405 4204 Construlttio-

282 4234 391 4273 nen
434 4220 617 4274 neben
664 4220 945 4275 einander.
986 4250 1052 4259 --
1096 4237 1300 4274 anum
1336 4244 1405 4265 =--

282 4290 345 4343 id
396 4306 585 4345 anum.
668 4289 892 4346 Ebenso
944 4290 1127 4345 anam
1166 4292 1406 4347 clueat-ms

1517 2235 1614 2290 bei
1649 2233 1844 2303 Casan
1891 2236 2036 2290 nihil
2063 2241 2286 2304 praeter
2319 2253 2520 2302 annon,
2564 2253 2646 2292 so-

1518 2307 1634 2361 lwm
1669 2307 1813 2377 qaod
1849 2306 1942 2360 bei
1973 2305 2184 2362 Cicero.

1591 2384 1677 2433 31.
1715 2380 2168 2449 coynatiowia
2236 2379 2456 2434 Ebenso
2494 2381 2644 2447 (con-

1518 2451 1661 2517 cret)
1715 2451 1865 2504 auch
1917 2449 2225 2505 vereinzelt
2277 2449 2370 2505 bei
2421 2449 2534 2504 Cic.
2590 2467 2643 2507 u.

1522 2518 1694 2575 Casar
1721 2540 1765 2575 z.
1787 2520 1848 2575 B.
1877 2538 1931 2590 p.
1954 2520 2171 2576 Cluent.
2197 2526 2288 2588 163
2317 2522 2370 2577 b.
2403 2539 2458 2591 g.
2486 2528 2536 2576 ’1.
2555 2528 2642 2579 32.

1593 2597 1677 2645 32.
1717 2593 2110 2659 supervenit
2147 2590 2276 2646 (1.1).
2307 2608 2368 2645 er
2390 2591 2648 2647 erschien

1521 2661 1819 2732 plbtzlich,
1851 2678 1994 2729 ganz
2022 2664 2428 2717 unerwarteter
2455 2663 2644 2718 Weise

1520 2733 1760 2788 selbst.
1832 2731 1961 2801 Vgl.
2005 2738 2049 2785 1.
2093 2738 2142 2786 6.
2181 2760 2254 2773 --
2291 2734 2646 2788 Minervae

1521 2820 1598 2858 ae
1637 2802 1985 2857 Victoriae
2020 2803 2126 2857 wic
2163 2802 2310 2857 oben
2341 2810 2392 2858 4.
2433 2808 2517 2858 13.
2557 2810 2641 2859 -15,

1521 2904 1590 2913 ——·
1609 2874 1934 2928 restituit.
1982 2872 2096 2927 Das
2117 2871 2346 2927 Gleiche
2365 2874 2646 2934 benichtet

1518 2944 1722 2999 Ari-ian
1765 2960 1878 2999 vom
1919 2942 2248 3013 Chorienes,
2295 2960 2336 2999 s.
2386 2944 2438 2998 d.
2479 2946 2640 3002 Anm.

1517 3034 1587 3069 zu
1623 3020 1656 3080 ἓ
1693 3019 1778 3071 24.

1591 3092 1676 3141 33.
1723 3086 1838 3141 illi
1885 3110 1953 3131 =
2003 3086 2342 3140 Aleaeandro.
2431 3084 2640 3141 Natur-

1515 3157 1698 3213 licher
1740 3162 1890 3211 ware
1930 3156 2023 3211 die
2059 3154 2643 3211 Passiveonstruktion

1517 3247 1555 3283 a
1592 3233 1756 3297 patre
1807 3228 1898 3281 illi
1949 3227 2200 3281 venditos.
2247 3256 2316 3269 ··-
2365 3228 2641 3295 relicta,

1516 3299 1660 3353 doch
1711 3299 1862 3354 wohl
1915 3298 1994 3352 im
2044 3298 2518 3367 Winterquartier
2571 3317 2640 3353 zu

1514 3370 1975 3425 Nautaca—ad
1999 3370 2421 3439 subiyendoa
2475 3370 2639 3425 Naeh

1515 3440 1727 3495 diesem
1780 3441 1976 3496 Worte
2038 3440 2114 3495 ist
2171 3440 2638 3497 wahrscheinlieh

1518 3512 1828 3581 Soydia‘noa
1847 3516 1912 3579 (s.
1933 3512 2080 3567 obem
2097 3517 2146 3566 1.
2164 3514 2258 3580 35)
2275 3513 2634 3582 ausgefallen.

1516 3582 1652 3637 Man
1687 3582 1869 3637 denke
1907 3599 1982 3637 an
2019 3582 2110 3637 die
2155 3584 2262 3636 mit
2297 3582 2639 3652 Spitamenes

1514 3654 1666 3707 nach
1709 3654 1834 3707 Arr.
1881 3660 1932 3707 4.
1977 3660 2057 3709 1¹7.
2098 3659 2131 3707 6
2179 3654 2495 3709 verbundet
2539 3670 2637 3724 ge-

1514 3740 1772 3779 wesenen
1799 3723 2230 3793 sogdianischen
2255 3724 2500 3794 Endon,
2527 3724 2636 3793 die,

1512 3794 1772 3850 insoweit
1797 3794 1880 3849 sie
1905 3795 2028 3849 sich
2052 3795 2199 3851 noch
2217 3795 2378 3849 nicht
2395 3796 2640 3865 ergeben

1512 3866 1740 3933 hatten,
1768 3882 1870 3921 vor
1896 3865 2006 3921 den
2023 3865 2420 3921 Macedoniarn
2445 3867 2508 3920 in
2535 3867 2638 3921 das·

1513 3935 1675 4001 Land
1719 3936 1818 3991 der
1853 3936 2049 3991 Dahae
2085 3938 2149 4005 (s.
2189 3942 2239 3991 3.
2283 3938 2334 4006 1)
2375 3937 2637 4007 geflohen

1511 4022 1716 4063 waren.

1585 4083 1671 4134 34.
1717 4084 2068 4148 utcumque
2105 4100 2171 4123 =
2214 4078 2424 4133 ‘wohl
2469 4076 2634 4133 odei·

1510 4149 1710 4203 ubal?
1779 4149 1834 4203 S.
1862 4149 2010 4204 Einl.
2039 4154 2070 4215 ξ
2097 4156 2182 4203 22.
2211 4178 2279 4189 -—-
2308 4150 2628 4205 vincente.

1512 4219 1640 4290 Vgl.
1669 4220 1789 4276 Liv.
1820 4226 1905 4275 27.
1938 4225 2020 4274 12.
2054 4225 2120 4274 15
2156 4221 2289 4275 vicit
2321 4226 2494 4275 metas
2519 4238 2628 4291 pu-

1511 4292 1708 4347 dorem.
1797 4290 1870 4345 So
1925 4292 2055 4361 sagt
2109 4290 2194 4346 O..
2247 4292 2420 4347 vineit
2475 4294 2630 4349 dolor

2129 4379 2202 4434 8*
