3069 4749
889 180 1394 233 HISTORIARUM
1427 182 1851 234 ALEXANDRI
1886 182 1981 249 lv,
2023 186 2085 235 1..

2521 181 2645 245 111

289 342 580 409 adiutus.
621 389 639 406 .
668 390 683 405 .
712 388 728 408 .
757 390 775 407 .
819 339 946 407 Sed
983 343 1135 427 quia
1173 342 1566 409 deditionem
1602 343 1816 429 magis
1852 343 2263 427 popularium
2302 365 2499 427 quam
2536 365 2655 409 sua

291 433 533 515 sponte
581 429 852 513 fecerat,
905 452 1111 517 regno
1157 432 1336 499 visus
1379 432 1691 516 indignus
1736 431 2336 517 Hephaestionique
2381 432 2651 515 permis·

291 542 461 603 sum,
507 522 602 603 ut,
648 540 841 603 quem
877 542 954 585 eo
989 519 1257 605 fastigio
1305 542 1337 585 e
1383 518 1671 585 Sidoniis
1720 519 2175 605 dignissimum
2210 521 2651 603 arbitraretur,

291 609 728 675 constitueret
791 628 1032 693 regem.
1119 608 1331 675 Erant
1387 607 1869 692 Hephaestioni
1931 610 2055 675 duo
2112 610 2403 694 hospites
2416 606 2455 692 ,⁸
2492 609 2653 674 olari
2689 628 2757 680 17

291 697 468 765 inter
513 718 672 763 suos
715 696 1011 763 iuvenes:
1057 698 1168 781 qui
1211 697 1388 763 faeta
1433 697 1597 781 ipsis
1644 700 1971 781 potestate
2016 698 2331 783 regnandi
2374 718 2649 783 negave-

291 788 468 869 runt,
515 806 904 871 quemquam
947 786 1166 871 patrio
1213 807 1394 853 more
1438 786 1508 851 in
1554 784 1621 851 id
1665 786 2003 871 fastigium
2046 787 2247 871 reeipi
2290 786 2423 851 nisi
2464 787 2649 871 regia

297 875 504 958 stirpe
575 876 810 939 ortum.
899 873 1284 940 Admiratus
1347 873 1802 958 Hephaestion
1874 876 2387 959 magnitudinem
2452 876 2652 941 animi
2692 894 2758 945 18

297 963 696 1047 spernentis,
749 963 924 1047 quod
969 963 1082 1028 alii
1127 984 1244 1047 per
1287 964 1474 1048 ignes
1522 963 1891 1049 ferrumque
1935 968 2253 1049 peterent,
2299 962 2464 1030 ‘Vos
2510 964 2650 1048 qui·

299 1050 448 1117 dem
483 1054 700 1117 macte
727 1050 1014 1135 virtute',
1048 1051 1282 1137 inquit,
1310 1050 1560 1134 ‘estote,
1589 1053 1701 1137 qui
1727 1053 1923 1136 primi
1946 1053 2379 1137 intellexistis,
2409 1056 2653 1137 quanto

296 1140 514 1207 maius
571 1144 748 1205 esset
800 1162 1074 1225 regnum
1127 1140 1430 1206 fastidire
1486 1162 1684 1225 quam
1740 1142 2047 1227 accipere.
2138 1140 2439 1207 Ceterum
2504 1142 2677 1206 date·

299 1229 584 1315 aliquem
631 1228 852 1313 regiae
897 1229 1140 1314 stirpis,
1185 1230 1298 1314 qui
1334 1229 1705 1295 meminerit
1742 1252 1782 1293 a
1818 1230 2003 1295 vobis
2042 1234 2376 1313 acceptum
2412 1229 2653 1295 habere

299 1338 371 1383 se
415 1314 732 1403 regnum?
805 1318 1022 1402 Atque
1067 1318 1186 1401 illi,
1229 1340 1376 1384 eum
1414 1319 1658 1385 multos
1694 1318 2033 1383 imminere
2076 1321 2297 1383 tantae
2336 1319 2474 1403 spei
2520 1340 2654 1383 eer·
2693 1338 2760 1389 19

297 1410 533 1471 nerent
588 1406 865 1490 singulis
925 1407 1284 1473 amicorum
1327 1407 1681 1472 Alexandri
1726 1408 1811 1473 ob
1856 1407 2131 1473 nimiam
2174 1408 2363 1492 regni
2407 1406 2653 1492 eupidi-

296 1498 506 1559 tatem
543 1495 902 1579 adulantes,
947 1498 1246 1561 statuunt
1280 1496 1609 1561 neminem
1648 1516 1789 1561 esse
1834 1496 2159 1579 potiorem
2205 1518 2398 1581 quam
2437 1496 2651 1561 Abda-

297 1584 644 1667 lonymum
710 1584 1058 1667 quendam,
1123 1584 1324 1669 longa
1385 1584 1647 1669 quidem
1710 1584 2101 1669 cognatione
2172 1585 2365 1669 stirpi
2434 1584 2653 1668 regiae

303 1672 644 1754 adnexum,
681 1672 794 1737 sed
829 1673 915 1737 ob
951 1674 1244 1757 inopiam
1281 1673 1728 1738 suburbanum
1764 1674 2025 1739 hortum
2062 1674 2297 1760 exigua
2333 1674 2653 1739 colentem

301 1761 490 1846 stipe.
582 1758 797 1826 Causa
838 1762 902 1826 ei
947 1760 1356 1845 paupertatis
1404 1762 1573 1828 sieut
1616 1762 1941 1847 plerisque
1987 1762 2281 1845 probitas
2330 1764 2497 1826 erat:
2554 1762 2650 1825 in·
2690 1782 2759 1833 2ο

301 1852 650 1934 tentusque
696 1850 877 1933 operi
923 1850 1153 1915 dim-no
1210 1850 1559 1935 strepitum
1605 1872 1960 1933 armorum,
2014 1851 2125 1933 qui
2170 1854 2379 1915 totam
2423 1850 2651 1914 Asiam

228 1940 274 2004 4
303 1941 744 2022 concusserat,
805 1960 942 2003 non
995 1938 1399 2005 exaudiebat.
1491 1937 1723 2004 Subito
1772 1938 2001 2003 deinde
2015 1989 2033 2024 ,
2084 1939 2163 2003 de
2218 1939 2453 2022 quibus
2500 1940 2651 2002 ante
2688 1958 2757 2007 21

303 2026 548 2091 dietum
595 2031 711 2110 est,
757 2048 902 2093 eum
939 2028 1158 2111 regiae
1193 2028 1396 2093 vestis
1431 2028 1801 2113 insignibus
1846 2027 2111 2092 hortum
2154 2027 2423 2109 intrant,
2460 2048 2653 2111 quem

299 2116 474 2180 forte
523 2115 776 2181 steriles
829 2115 1069 2180 herbas
1125 2116 1375 2201 eligens
1422 2117 1919 2199 Abdalonymus
1982 2116 2395 2201 repurgabat.

299 2224 456 2288 rege
513 2225 586 2269 eo
643 2206 926 2269 salutato
983 2206 1170 2271 alter.
1202 2226 1282 2269 ex
1339 2206 1470 2289 his,
1536 2203 1905 2289 ‘Habitus',
1960 2205 2201 2290 inquit,
2247 2203 2385 2271 ‘hic
2432 2203 2651 2286 vestis,

305 2314 499 2377 quem
546 2292 754 2357 cernis
800 2294 868 2358 in
905 2295 1069 2358 meis
1107 2294 1430 2378 manibus,
1475 2316 1622 2359 eum
1666 2295 1796 2359 isto
1840 2294 2140 2380 squalore
2186 2294 2653 2380 permutandus

301 2383 428 2446 tibi
473 2386 592 2448 est.
681 2383 896 2448 Ablue
941 2403 1174 2466 eorpus
1229 2383 1475 2449 inluvie
1529 2384 1846 2469 tetrisque
1904 2384 2203 2449 sordibus
2262 2383 2653 2468 squalidumt

305 2590 374 2626 zu
412 2571 732 2642 supplieren
762 2572 862 2630 sei.
891 2603 960 2614 —
986 2575 1428 2644 popularium

307 2686 320 2699 .
362 2687 376 2700 .
425 2651 670 2712 sponte.
745 2631 896 2700 Uber
949 2645 1042 2700 die
1097 2644 1328 2702 Konstr.
1381 2665 1424 2700 s.

305 2715 370 2770 E.
411 2721 496 2770 99.
528 2747 592 2755 —
622 2733 690 2771 eo
725 2717 1018 2786 fastigio
1043 2741 1114 2762 ε-
1139 2734 1207 2771 ea
1241 2717 1421 2786 diani-

305 2791 444 2850 tate3
499 2803 562 2842 so
617 2789 766 2842 auch
821 2792 852 2852 ς
897 2793 963 2841 17
1017 2788 1084 2842 in
1137 2788 1427 2856 fastiyiwm

305 2858 484 2926 recipi
509 2856 618 2911 wie
641 2873 746 2913 ree.
771 2859 838 2914 in
863 2859 1155 2926 civitatem,
1181 2859 1428 2913 ordimm

305 2930 658 2984 senator-im.
698 2957 770 2970 -·-
800 2929 1226 2999 permissum,
1253 2929 1424 2984 naml.

305 3016 422 3055 von
457 2997 794 3054 Alexander.
1301 3047 1308 3054 .

385 3074 468 3127 17.
539 3071 667 3126 duo
721 3071 1048 3140 hospites,
1121 3071 1234 3140 vgl.
1291 3075 1322 3135 ξ
1360 3075 1427 3124 22

305 3141 450 3196 alter
510 3157 578 3196 ex
639 3143 740 3198 his.
806 3171 872 3182 --
940 3143 1171 3196 animi.
1251 3127 1427 3195 Uber-

307 3213 486 3266 setze:
526 3211 716 3267 einer
743 3212 1096 3282 Denkweise,
1124 3211 1424 3295 Sinuesart.

306 3311 396 3398 Ξ.
407 3299 720 3423 {gg-53:123„
726 3284 894 3409 saueh
913 3325 1077 3436 ‘noeli
1090 3281 1430 3436 {zoggssssffg

310 3440 506 3480 samen
541 3424 738 3495 Wege,
775 3443 872 3480 um
901 3424 1077 3494 Jeden
1112 3426 1284 3481 Prem.

385 3500 470 3550 18.
531 3501 740 3550 macte
785 3513 828 3552 ι.
867 3495 930 3550 Ε.
971 3500 1056 3550 62.
1103 3525 1176 3536 -—
1221 3495 1429 3562 faeti-

309 3564 489 3631 dire3
531 3566 670 3621 fiber
715 3566 818 3621 das
853 3568 1098 3636 personl.
1137 3565 1348 3635 Objekt
1386 3583 1428 3620 s.

275 3635 373 3690 ·E.
414 3641 498 3691 73.
537 3667 606 3676 —-
641 3639 758 3706 qui
794 3677 842 3692 ..
878 3639 1282 3703 meminerit,
1317 3651 1428 3692 von

313 3706 442 3760 dem
462 3725 528 3762 zu
548 3711 824 3762 erwarten
848 3709 1020 3777 steht,
1047 3707 1168 3763 dass
1197 3725 1258 3762 er
1285 3708 1430 3763 aueh

316 3777 512 3832 descen
551 3778 804 3834 dankbar
839 3779 1137 3849 gedenken
1172 3779 1373 3834 werde.

387 3853 473 3904 19.
509 3850 877 3917 immi-nere,
915 3851 1022 3905 wie
1059 3857 1108 3904 3.
1147 3855 1198 3905 8.
1236 3856 1269 3904 3
1299 3866 1433 3919 pro·

315 3919 519 3975 ditioni
551 3921 848 3976 imminere.
888 3919 1016 3990 Vgl.
1054 3920 1200 3976 auch
1227 3921 1349 3976 Liv.
1379 3927 1431 3975 4.

316 3995 400 4046 25.
430 3997 463 4045 9
492 3992 832 4047 imminentes
857 3994 975 4061 spei
1001 3993 1228 4047 maioris
1263 3993 1428 4047 hono-

313 4061 409 4116 ris.
459 4091 527 4102 -
583 4064 964 4119 adulante-3.
1038 4064 1168 4118 Man
1205 4063 1428 4118 wan-dte

317 4131 436 4188 sich
471 4150 545 4188 an
581 4133 674 4188 die
711 4135 878 4189 amici
904 4133 1048 4189 Alex
1065 4175 1086 4200 ,
1123 4151 1218 4187 um
1254 4135 1432 4188 dureh

317 4200 396 4256 sie
425 4203 529 4258 auf
549 4204 941 4274 Hephaestion
968 4223 1035 4259 zu
1054 4205 1285 4272 wirken,
1313 4205 1428 4273 vgl.

317 4278 346 4336 s
401 4281 492 4330 24.-
579 4261 733 4330 Uber
786 4277 894 4331 den
956 4277 1068 4331 dat.
1133 4277 1433 4346 sinyulis

317 4343 378 4400 E.
399 4350 495 4415 813
531 4347 674 4402 fiber
710 4347 819 4402 den
847 4349 1033 4417 genet.
1073 4348 1432 4402 amicorum

2099 2501 2142 2515 l

1536 2575 1730 2630 ebend.
1798 2580 1883 2629 84.
1951 2607 2016 2616 —-
2090 2575 2653 2646 Abdalonymum.

1532 2646 1641 2701 Die
1684 2646 1949 2715 folgende
1996 2644 2336 2700 Gesehiehte
2390 2644 2655 2700 erzahlen

1534 2717 1681 2772 auch
1714 2717 1859 2772 Just.
1898 2722 1982 2770 11.
2026 2721 2119 2782 1ος
2164 2715 2329 2771 Diod.
2370 2721 2452 2771 17.
2490 2721 2561 2770 47
2598 2732 2653 2770 u.

1509 2787 1681 2845 ‚Plut.
1709 2787 1781 2841 de
1806 2787 1937 2841 fort.
1964 2784 2121 2842 Alex.
2142 2792 2193 2840 2.
2224 2793 2288 2854 83
2328 2803 2435 2840 nur
2469 2787 2654 2840 lassen

1536 2856 1629 2913 die
1664 2857 1873 2912 beiden
1908 2857 2182 2913 letzteren
2217 2857 2297 2912 sie
2333 2855 2655 2910 irrtu'imlioh

1534 2945 1610 2984 an
1646 2929 1830 2984 einem
1876 2928 2089 2983 andern
2126 2927 2261 2982 Orte
2310 2925 2542 2996 spielen.
2583 2955 2652 2966 —-

1538 3002 1744 3068 longa
1781 3025 1849 3044 ==
1886 3000 2213 3071 longinqua,
2259 2998 2403 3053 auch
2442 3003 2525 3053 10.
2567 3001 2651 3051 10.

1541 3076 1633 3139 19,
1680 3073 1830 3140 poet.
1878 3087 1933 3124 u.
1981 3070 2097 3125 nkl.
2170 3070 2285 3124 Der
2336 3068 2654 3139 Gegensatz

1527 3146 1855 3212 propinqua
1889 3142 2141 3212 coqnatio
2175 3140 2354 3212 findet
2379 3138 2500 3194 sioh
2531 3144 2581 3194 ὅ.
2602 3146 2653 3196 3.

1541 3217 1623 3266 12.
1671 3243 1739 3254 --
1784 3214 1959 3283 stipe
2007 3213 2164 3267 ‘ums
2208 3210 2532 3282 Tagelohn’
2584 3234 2655 3256 ι-

1537 3284 1753 3354 μισθοῦ
1792 3283 1884 3339 bei
1919 3282 2085 3338 Diod.

1610 3361 1695 3409 20.
1716 3355 2144 3410 exaudiebat.-
2176 3369 2246 3408 er
2272 3354 2467 3408 hatte
2495 3351 2656 3408 kein

1540 3425 1675 3481 Ohr
1711 3425 1739 3478 f
1746 3431 1822 3480 {ir
1857 3427 1963 3481 ete.

1610 3491 1699 3552 21J
1733 3498 1981 3552 deinde
2016 3497 2221 3566 km‘ipft
2255 3496 2387 3550 hart
2423 3512 2496 3550 an
2524 3500 2555 3560 5
2588 3501 2653 3549 19

1538 3583 1627 3622 an.
1653 3598 1719 3607 —
1748 3583 1815 3622 re
1867 3569 1972 3622 iae
2006 3569 2245 3635 vestis,
2282 3567 2467 3638 genet.
2497 3577 2660 3635 epex-

1538 3639 1702 3707 eget.‚
1726 3655 1767 3692 s.
1842 3680 1854 3692 .
1879 3643 1965 3693 90.
1994 3637 2123 3708 Vgl.
2144 3636 2375 3692 hiermit
2393 3637 2539 3692 auch
2556 3637 2657 3691 ha-

1540 3710 1687 3764 bitus
1725 3710 1885 3764 vestis
1920 3714 1951 3774 g
1988 3714 2084 3775 223
2122 3709 2244 3766 Liv.
2286 3713 2369 3764 24.
2410 3713 2459 3763 6.
2500 3713 2549 3763 3.
2591 3738 2657 3747 —

1536 3796 1650 3904 ἷὲἔ
1663 3780 1874 3905 ¹331?ss
1885 3775 2502 3919 ‘lsssssisssffssb‘ffssssssss
2517 3777 2658 3902 ‘³353

1542 3921 1827 3977 Unkrauts
1866 3923 1928 3994 (t.
1968 3924 2010 3976 t.
2046 3923 2241 3977 herbae
2276 3921 2536 3987 inutiles).

1610 3999 1695 4048 22.
1753 3995 1829 4048 in
1881 3993 2221 4058 manibus,
2276 3990 2483 4060 Appos.
2531 4007 2657 4044 zum

1540 4063 1751 4133 Objekt
1797 4061 1905 4118 wie
1961 4069 2009 4118 8.
2072 4069 2154 4118 12.
2216 4067 2248 4116 6
2312 4061 2537 4130 aynovit
2592 4062 2658 4114 in

1537 4136 1809 4191 manibus.
1856 4165 1924 4176 --
1963 4151 2111 4188 cum
2158 4135 2299 4188 isto
2341 4133 2659 4201 squalore

1538 4231 1609 4250 =
1646 4223 1769 4262 eum
1802 4206 2062 4276 squalida
2094 4209 2232 4259 veste
2280 4209 2380 4258 tua
2449 4203 2659 4273 pawm‘s

1539 4278 1668 4332 tuis.
1708 4308 1775 4318 -
1807 4276 2313 4346 permutandae.
2388 4244 2538 4330 liber
2566 4274 2657 4328 die

1540 4347 1951 4404 Konstruktion
1988 4364 2031 4402 s.
2070 4345 2131 4400 Ε.
2159 4351 2246 4401 48.
2285 4375 2353 4386 -
2390 4346 2659 4400 inluvie

2485 2114 2653 2179 Tum
2688 2137 2757 2187 22
