3069 4749
217 870 259 937 8

826 173 1327 226 HISTORIARUM
1361 173 1783 226 ALEXANDRI
1817 171 1887 239 v,
1927 178 1976 230 1.
2013 177 2063 227 2.
2497 169 2620 237 181

282 335 508 420 utique
573 355 835 402 suarum
892 335 1214 420 gentium,
1279 333 1392 398 sed
1436 333 1722 399 delectis
1787 333 2103 400 attribuit.
2203 331 2415 412 Tuba‚
2479 355 2624 400 cum
2665 346 2694 395 7

285 429 499 491 castra
564 444 823 490 movere
891 423 1116 507 vellet,
1174 423 1431 509 signum
1486 423 1714 506 dabat,
1769 424 1950 489 cuius
2005 443 2203 488 sonus
2258 423 2636 509 plerumque

285 513 824 579 tumultuantium
868 512 1131 577 fremitu
1172 512 1501 577 exoriente
1538 511 1716 577 haud
1751 512 1914 578 satis
1951 510 2441 576 exaudiebatur:
2479 530 2636 596 ergo

286 603 627 688 perticam,
656 622 839 686 -quae
885 601 1171 685 undique
1220 600 1506 684 conspici
1550 603 1790 685 posset,
1837 622 2036 683 supra
2072 600 2473 684 praetorium
2509 605 2637 665 sta-

286 690 445 776 tuit,
500 713 580 755 ex
636 712 763 774 qua
818 689 1075 778 signum
1134 689 1468 754 eminebat
1521 690 1768 774 pariter
1824 688 2124 754 omnibus
2187 689 2636 772 conspicuum:

290 779 762 845 observabatur
806 778 981 862 ignis
1026 781 1246 861 noctu,
1292 777 1510 844 fumus
1557 777 1859 844 interdiu,

464 868 733 953 Iamque
772 865 937 932 Susa
983 866 1043 932 ei
1086 867 1343 932 adituro
1380 867 1701 950 Abulites,
1746 867 2032 952 regionis
2078 865 2215 955 eius
2252 864 2632 949 praefectus,
2669 878 2702 927 8

291 958 423 1023 sive
478 957 676 1022 Darei
730 957 939 1039 iussu,
992 959 1069 1020 ut
1119 954 1563 1020 Alexandrum
1621 956 1860 1040 praeda
1913 955 2251 1037 retineret,
2315 955 2449 1020 sive
2519 975 2636 1020 sua

292 1049 523 1130 sponte
567 1046 775 1111 filium
820 1045 1080 1110 obviam
1124 1045 1327 1129 misit,
1382 1044 1772 1110 traditurum
1829 1065 1898 1109 se
1951 1043 2180 1108 urbem
2225 1043 2635 1126 promittens.

290 1133 585 1220 Benigne
613 1135 913 1199 iuvenem
942 1133 1193 1217 excepit
1228 1154 1339 1198 rex
1366 1138 1435 1198 et
1460 1132 1686 1199 eodem
1715 1132 1872 1200 duce
1901 1132 1985 1198 ad
2013 1129 2350 1216 Choaspin
2377 1153 2633 1198 amnem
2671 1145 2704 1193 9

289 1223 605 1309 pervenit,
650 1222 1014 1306 delicatam,
1058 1227 1133 1288 ut
1175 1221 1356 1288 fama
1402 1225 1519 1306 est,
1564 1222 1905 1288 vehentem
1953 1243 2210 1306 aquam.
2281 1220 2407 1286 Hic
2450 1218 2633 1286 Abu-
2672 1232 2740 1283 10

290 1313 442 1377 lites
492 1333 639 1377 cum
685 1311 872 1378 donis
919 1311 1159 1396 regalis
1206 1311 1580 1394 opulentiae
1627 1310 1926 1377 occurrit.
1999 1309 2357 1375 Dromades
2393 1309 2636 1374 cameli

290 1401 460 1466 inter
506 1400 679 1474 dona
724 1403 913 1465 erant
954 1399 1325 1466 velocitatis
1372 1400 1665 1484 eximiae,
1709 1417 1812 1464 ΧΠ
1859 1398 2190 1482 elephanti
2229 1419 2268 1462 a
2285 1396 2520 1464 ·Dareo
2557 1419 2636 1462 ex

290 1489 483 1554 India
528 1488 741 1575 acciti,
784 1489 917 1554 iam
963 1510 1099 1554 non
1142 1493 1372 1573 terror,
1416 1493 1490 1554 ut
1537 1491 1976 1572 speraverant,
2018 1485 2478 1570 Macedonum,
2523 1487 2636 1553 sed
2707 1525 2718 1538 ·

292 1579 621 1661 auxilium,
670 1599 828 1663 opes
864 1578 1024 1643 victi
1070 1576 1151 1642 ad
1196 1578 1509 1643 victorem
1546 1578 1985 1642 transferente
2019 1576 2307 1642 fortuna.
2353 1573 2446 1642 Ut
2481 1596 2635 1640 vero
2677 1587 2740 1636 11

290 1667 521 1732 urbem
575 1667 883 1750 intravit,
934 1666 1379 1732 incredibilem
1434 1687 1513 1730 ex
1567 1666 1890 1732 thesauris
1947 1687 2266 1731 summam
2328 1663 2638 1748 pecuniae

292 1755 550 1841 egessit,
594 1773 639 1819 L
686 1755 873 1820 milia
916 1755 1237 1820 talentum
1282 1756 1538 1840 argenti
1581 1776 1716 1821 non
1764 1755 2008 1841 signati
2050 1754 2290 1837 forma,
2337 1752 2450 1818 sed
2493 1751 2637 1818 rudi

290 1843 593 1930 pondere.
681 1844 877 1910 Multi
920 1864 1105 1929 reges
1160 1847 1383 1910 tantas
1430 1865 1585 1928 opes
1631 1845 1832 1929 longa
1887 1846 2102 1908 aetate
2148 1841 2638 1907 cumulaverant
2677 1852 2742 1901 12

288 1932 515 1999 liberis
560 1933 984 2018 posterisque,
1029 1935 1103 1998 ut
1146 1933 1654 2018 arbitrabantur,
1700 1955 1860 2018 quas
1905 1953 2036 1998 una
2080 1931 2244 1996 hora
2279 1931 2350 1995 in
2389 1929 2636 1994 externi

290 2023 467 2107 regis
513 2042 747 2086 manus
792 2021 1034 2086 intulit.
1094 2018 1409 2088 Consedit
1452 2022 1682 2088 deinde
1726 2023 1798 2087 in
1841 2021 2024 2106 regia
2069 2020 2232 2086 sella
2276 2019 2486 2085 multo
2534 2039 2638 2084 ex·-
2677 2031 2743 2081 13

292 2111 562 2176 celsiore
607 2132 802 2195 quam
838 2132 959 2194 pro
996 2110 1229 2176 habitu
1266 2112 1574 2195 corporis.
1617 2111 1869 2196 Itaque,
1897 2131 2040 2174 cum
2079 2109 2274 2194 pedes
2313 2129 2640 2174 summum

291 2199 567 2284 gradum
610 2220 745 2264 non
792 2200 1265 2285 contingerent,
1310 2222 1481 2266 unus
1527 2222 1608 2265 ex
1651 2199 1851 2284 regiis
1896 2199 2114 2283 pueris
2148 2218 2446 2264 mensam
2483 2196 2634 2262 sub-

292 2288 456 2353 didit
500 2287 805 2372 pedibus:
852 2293 945 2372 et,
998 2309 1146 2354 cum
1206 2289 1590 2376 spadonem,
1645 2289 1757 2376 qui
1811 2287 2010 2353 Darei
2065 2287 2307 2370 fuerat,
2359 2284 2631 2371 ingemi·
2673 2297 2743 2347 14

294 2380 583 2443 scentem
628 2377 1098 2461 conspexisset,
1141 2401 1257 2444 rex
1318 2401 1583 2446 causam
1638 2377 2008 2443 maestitiae
2071 2376 2428 2461 requisivit.
2519 2372 2637 2439 Ille

291 2466 541 2531 indicat
575 2465 860 2531 Dareum
896 2467 1071 2532 vesci
1104 2468 1175 2532 in
1212 2490 1289 2533 ea
1324 2467 1611 2548 solitum,
1654 2488 1848 2551 seque
1887 2488 2136 2531 sacram
2173 2466 2311 2531 eius
2347 2484 2640 2529 mensam

294 2555 376 2621 ad
422 2556 776 2621 ludibrium
833 2555 1227 2622 recidentem
1280 2558 1419 2623 sine
1473 2556 1758 2622 lacrimis
1814 2554 2184 2639 conspicere
2239 2575 2373 2619 non
2429 2573 2640 2639 posse.

296 2642 511 2708 Subiit
556 2664 709 2729 ergo
746 2665 967 2730 regem
1004 2646 1390 2711 verecundia
1424 2645 1712 2712 violandi
1747 2644 2110 2727 hospitales
2149 2642 2330 2707 deos:
2378 2642 2640 2733 iamque
2680 2652 2746 2703 15

298 2732 564 2798 subduci
606 2733 892 2811 iubebat,
938 2755 1085 2798 cum
1120 2734 1443 2800 Philotas:
1492 2732 1786 2800 ‘Minime
1823 2753 1976 2797 vero
2013 2732 2173 2797 haee
2217 2729 2470 2813 feceris,
2506 2750 2638 2809 rex,

259 2845 315 2905 1

295 2996 600 3062 delectis,
620 2994 897 3051 vonAlex.
916 2996 1255 3065 gewahlten.
1274 2996 1415 3051 Dar·
1595 3002 1679 3052 11.
1751 2994 2121 3060 thesauris,
2183 2992 2292 3045 den
2357 2990 2640 3045 Schatz-

296 3066 441 3121 nach
487 3066 709 3122 scheint
753 3084 840 3137 es,
892 3066 971 3121 im
1010 3066 1415 3137 Widerspruoh
1521 3065 1885 3122 kammern.
1951 3084 2021 3106 —‘·
2081 3079 2215 3120 non
2275 3062 2540 3131 eiynati
2583 3101 2597 3116 .
2626 3100 2640 3115 .

295 3136 403 3191 mit
436 3136 567 3193 dem
603 3138 959 3207 Vordersatz,
996 3138 1081 3194 als
1116 3138 1276 3196 habe.
1292 3137 1413 3194 sich
1516 3139 1838 3209 pondere,
1877 3138 2085 3192 nabere
2108 3132 2498 3203 Bestimmung
2525 3146 2640 3187 von

299 3207 391 3263 die
427 3206 659 3263 Reform
694 3227 801 3263 nm
836 3208 935 3263 auf
970 3209 1061 3265 die
1096 3209 1143 3263 Β
1156 3209 1407 3265 efems-
1524 3210 1756 3279 aryemi.
1831 3193 2160 3263 Ubersetzee
2179 3204 2295 3260 und
2315 3221 2460 3259 πω
2485 3202 2644 3259 nieht

297 3278 429 3335 hab
442 3296 511 3335 er
547 3280 813 3349 bezogen.
1284 3334 1286 3336 ,
1524 3282 1786 3351 gepragt,
1826 3278 2062 3336 sondern
2092 3276 2152 3331 in
2179 3277 2348 3331 Form
2367 3292 2479 3331 von
2505 3274 2643 3329 Bar-

369 3372 417 3421 ⁷.
438 3368 671 3433 dabat,
688 3368 821 3423 hart
838 3367 929 3423 fiir
944 3369 1182 3438 dederat,
1202 3368 1313 3437 gab
1332 3368 1419 3423 bis
1524 3368 1642 3408 ren.

297 3437 487 3494 dahin.
516 3468 583 3479 -
608 3456 685 3494 em
720 3455 849 3509 qua
882 3440 1145 3510 siynum
1180 3440 1418 3494 emine·
1602 3446 1685 3497 12.
1723 3444 1796 3495 ut
1831 3436 2376 3493 arbitrabantur.
2415 3432 2474 3491 C.
2503 3434 2648 3491 liebt

298 3509 441 3577 bat,
487 3510 589 3565 auf
620 3510 792 3565 deren
828 3508 1014 3579 Spitze
1052 3510 1419 3581 angebraeht‚
1527 3510 1717 3566 solche
1750 3508 2128 3565 Parenthesen
2163 3506 2272 3563 wie
2307 3512 2371 3562 ut
2405 3506 2644 3563 credide-

298 3580 399 3635 das
438 3580 683 3635 Zeichen
720 3580 875 3636 allen
910 3580 1161 3637 sichtbar
1196 3596 1329 3635 war.
1524 3588 1646 3649 rat,
1690 3584 2004 3652 speraverat
2046 3598 2101 3634 u.
2149 3578 2326 3650 dergl.
2395 3577 2448 3632 S.
2501 3577 2644 3634 oben

372 3672 424 3724 8.
452 3668 783 3725 Abulites.
822 3668 1045 3725 Ebenso
1065 3669 1278 3725 Diodor
1304 3670 1419 3725 und
1526 3659 1578 3707 4·
1618 3659 1668 3708 9·
1706 3658 1757 3708 4·

300 3738 597 3811 Plutarch;
655 3741 831 3795 etwas
886 3740 1251 3796 abweichend
1295 3740 1419 3798 Arr.
1599 3746 1686 3795 13.
1769 3756 2082 3796 summum
2142 3738 2436 3807 madum.
2517 3735 2646 3792 Von

300 3816 350 3865 3.
392 3816 477 3867 16.
1285 3826 1289 3831 ’
1528 3810 1716 3867 einem
1741 3806 2082 3881 ὑπόβαθρον
2104 3807 2407 3881 (Schemel)
2435 3807 2648 3877 spricht

372 3905 423 3955 9.
484 3898 853 3970 Choaspin,
896 3898 1053 3955 Fluss
1090 3900 1269 3957 westl.
1308 3916 1422 3957 von
1529 3883 1771 3949 D10d01'3
1821 3882 1966 3938 auch
2012 3882 2105 3937 die
2138 3880 2499 3936 Monumensse
2534 3894 2647 3933 von

300 3968 459 4025 Susa.
514 3958 665 4027 Uber
700 3972 823 4027 sein
856 3970 1167 4029 kbstliches
1195 3973 1421 4028 Wasser
1528 3952 1843 4037 P91‘83P0118
1862 3954 2058 4024 zeigen
2086 3952 2210 4007 eine
2229 3948 2524 4019 Fussbank.
2536 3947 2648 4032 ‚1¹¹st

302 4059 346 4095 s.
382 4040 589 4098 Herod.
632 4048 681 4099 1.
720 4048 841 4098 188.
1525 4024 1925 4081 Rmderft'ifsen
1985 4024 2152 4079 unter
2214 4022 2344 4077 dem
2404 4020 2646 4091 Kbmgs-

372 4136 457 4185 10.
495 4150 577 4185 m
610 4131 983 4202 elephanti,
1012 4130 1420 4201 nachgetrage-
1524 4094 1712 4153 thmn·
2019 4182 2032 4195 ,
2628 4178 2643 4191 .

302 4216 400 4257 nes
428 4202 685 4274 subjekt,
720 4202 835 4271 vgl,
872 4208 921 4259 3,
954 4208 1039 4259 13,
1072 4206 1141 4257 14
1175 4219 1229 4257 u,
1260 4208 1311 4257 ὅ,
1351 4232 1417 4241 ....
1602 4190 1685 4241 14.
1725 4189 1948 4241 etcum
1973 4184 2097 4239 hier
2115 4184 2282 4237 etwaz
2314 4179 2433 4235 und
2451 4180 2536 4235 als
2552 4178 2648 4236 bei

304 4276 378 4327 ut
428 4278 903 4342 speraverant,
957 4274 1129 4329 nfiml.
1188 4273 1417 4340 Persam
1527 4254 1741 4311 diesem
1778 4255 2032 4311 Aulaflsse·
2690 4326 2698 4333 .

303 4343 417 4411 vgl.
454 4344 603 4399 auch
638 4349 669 4409 ξ
710 4350 792 4399 12.
1603 4348 1687 4399 15.
1769 4342 2070 4409 iubebat,
2126 4341 2192 4397 dc
2244 4344 2472 4409 conam,
2531 4354 2648 4394 war
