3069 4749
807 124 1324 183 HISTORIARUM
1361 126 1794 181 ALEXANDRI
1831 126 1926 196 VI,
1969 132 2048 205 ll.
2517 126 2600 191 47

248 294 317 359 in
352 294 711 376 potestate:
752 290 867 356 sed
901 293 1251 375 postquam
1287 289 1723 355 intumescens
1760 310 1994 372 corpus
2029 289 2352 355 ulceribus
2389 289 2606 375 flagel-
2647 304 2712 353 17

250 383 463 447 lorum
519 381 691 445 ictus
748 378 941 443 nudis
996 378 1251 445 ossibus
1311 378 1608 442 incussos
1663 376 1796 441 fere
1851 400 1984 443 non
2030 381 2320 462 poterat,
2376 379 2434 441 si
2477 382 2606 443 tor-

250 470 487 536 mentis
534 468 896 534 adhibituri
944 468 1209 532 modum
1258 470 1503 550 essent,
1558 466 1884 531 dicturum
1929 488 2024 551 se,
2083 488 2248 551 quae
2295 466 2457 531 scire
2506 489 2605 531 ex-

249 561 568 643 peterent,
612 557 979 641 pollicetur.
1071 553 1197 619 Sed
1245 556 1440 619 finem
1486 555 1856 639 quaestioni
1891 554 2048 639 fore,
2093 555 2307 621 iurare
2345 576 2454 620 666
2491 578 2608 639 per

250 647 605 713 Alexandri
660 647 939 711 salutem
995 645 1255 709 volebat
1308 643 1758 728 removerique
1804 648 2104 709 tortores.
2193 643 2286 709 Et
2330 647 2605 727 utroque
2646 656 2711 705 16

250 737 603 820 inpetrat0,
658 732 995 817 ‘Oratore',
1049 733 1291 817 inquit,
1348 732 1500 817 ’1116,
1557 732 1714 817 quid
1769 754 1872 797 me
1927 733 2092 797 velis
2137 730 2391 798 dicere'.
2479 732 2603 799 Illo
2645 748 2711 797 19

254 825 641 909 indignante
687 822 1012 888 ludificari
1058 844 1205 886 eum
1250 842 1602 905 rursusque
1649 824 1993 887 revocante
2030 825 2310 887 tortores
2348 824 2606 905 tempus

252 918 471 997 petere
518 912 751 997 coepit,
796 911 950 976 dum
997 910 1314 993 reciperet
1360 910 1692 994 spiritum,
1740 913 1996 994 cuncta,
2044 930 2207 996 quae
2254 910 2469 999 sciret,
2515 911 2606 975 in-

253 1002 597 1069 dicaturus.
686 1000 961 1065 Interim
998 1000 1267 1083 equites,
1312 998 1766 1065 nobilissimus
1808 998 2080 1083 quisque
2119 1003 2184 1063 et
2220 999 2272 1065 ii
2309 989 2606 1083 maxime,
2643 1013 2712 1063 20

253 1090 365 1176 qui
400 1089 901 1155 Parmenionem
938 1088 1309 1172 propinqua
1344 1087 1738 1171 cognatione
1775 1088 2214 1171 contingebat,
2258 1091 2605 1172 postquam

251 1178 565 1246 Philotan
619 1178 905 1261 torqueri
963 1177 1143 1241 fama
1196 1176 1609 1261 vulgaverat,
1663 1176 1877 1261 1686111
1921 1175 2348 1241 Macedonum
2393 1177 2608 1260 veriti,

253 1288 385 1351 qua
419 1270 680 1332 cautum
718 1270 877 1350 erat,
922 1269 997 1330 ut
1029 1264 1381 1351 propinqui
1418 1286 1662 1343 eorum,
1708 1264 1821 1348 qui
1858 1265 1998 1349 regi
2033 1264 2332 1330 insidiati
2372 1270 2607 1349 essent,

254 1377 397 1420 cum
446 1355 607 1438 ipsis
652 1358 1057 1437 necarentur,
1101 1353 1217 1418 alii
1264 1375 1332 1419 se
1370 1353 1790 1436 interficiunt,
1838 1353 2005 1418 alii
1987 1376 2056 1419 111
2093 1353 2314 1419 devios
2351 1357 2606 1419 montes

252 1449 599 1527 vastasque
660 1442 1049 1509 solitudines
1104 1442 1367 1526 fugiunt
1418 1442 1670 1527 ingenti
1723 1464 1841 1525 per
1895 1446 2041 1507 tota
2093 1445 2313 1507 castra
2357 1446 2608 1507 terrore

252 1532 503 1615 diffuse,
550 1532 755 1597 donec
800 1554 911 1595 rex
955 1532 1245 1597 tumultu
1291 1531 1556 1617 cognito
1603 1531 1814 1615 legem
1856 1552 1924 1595 se
1970 1532 2043 1596 de
2087 1531 2410 1615 supplicio
2454 1552 2606 1595 con-

144 1616 233 1681 43
254 1620 621 1685 iunctorum
668 1620 969 1685 sontibus
1014 1620 1349 1685 remittere
1396 1619 1616 1685 edixit.
1707 1618 2004 1684 Philotas
2039 1641 2278 1685 verone
2315 1642 2397 1685 an
2435 1640 2609 1684 men·
2645 1635 2709 1683 21

253 1708 438 1775 dacio
491 1707 767 1773 liberare
823 1731 891 1773 se
948 1730 988 1773 a
1043 1709 1333 1773 cruciatu
1388 1708 1698 1791 voluerit,
1764 1730 2000 1791 anceps
2065 1709 2436 1773 coniectura
2492 1714 2606 1791 est,

260 1797 569 1881 quoniam
606 1801 675 1863 et
708 1818 862 1861 vcra
899 1796 1215 1863 confessis
1254 1801 1319 1863 et
1354 1796 1527 1862 falsa
1564 1796 1932 1863 dicentibus
1970 1797 2141 1861 idem
2177 1797 2420 1862 doloris
2458 1798 2608 1862 finis

252 1886 639 1951 ostenditur:
678 1890 982 1969 ceterum,
1012 1884 1254 1949 ‘Pater'
1284 1886 1517 1970 inquit,
1554 1884 1760 1950 ‘meus
1788 1884 2164 1970 Hegelocho
2193 1907 2391 1970 quam
2423 1886 2608 1951 fami·
2644 1900 2712 1950 22

258 1974 510 2039 liariter
554 1996 711 2039 usus
760 1974 875 2058 sit,
919 1996 1055 2039 non
1090 1974 1440 2058 ignoratis:
1478 1975 1664 2039 illum
1701 1973 1844 2039 dico
1881 1973 2348 2059 Hegelochum,
2386 1976 2495 2059 qui
2539 1975 2607 2039 in

262 2063 400 2128 acie
448 2063 701 2127 cecidit:
758 2063 1048 2127 omnium
1094 2063 1415 2128 malorum
1451 2062 1646 2128 nobis
1682 2064 1742 2128 is
1783 2062 1911 2127 fuit
1949 2084 2159 2128 causa.
2249 2062 2422 2128 Nam
2462 2085 2608 2129 cum
2645 2080 2714 2127 23

251 2151 535 2235 primum
562 2149 737 2217 Iovis
766 2151 977 2217 filium
1012 2174 1081 2215 se
1119 2151 1393 2217 salutari
1430 2151 1625 2217 iussit
1661 2173 1790 2236 rex,
1825 2151 1892 2217 id
1930 2152 2194 2237 indigne
2229 2152 2442 2217 ferens
2480 2151 2610 2236 ille,

254 2239 447 2304 ‘hunc
493 2241 696 2325 igitur
738 2260 961 2325 regem
1007 2240 1484 2326 adgnoscimuS,
1532 2240 1763 2324 inquit,
1808 2240 1922 2324 qui
1967 2240 2344 2325 Philippum
2390 2240 2608 2326 dedig-

249 2330 446 2394 natur
470 2328 772 2414 patrem‘?
803 2332 1019 2395 actum
1048 2336 1149 2394 est
1176 2329 1253 2394 de
1282 2328 1491 2412 nobie,
1520 2328 1580 2395 61
1607 2329 1740 2395 ista
1765 2330 2020 2415 perpeti
2047 2350 2410 2414 possumus.
2455 2329 2608 2396 Non

249 2417 549 2484 homines
588 2419 820 2502 solum,
857 2419 969 2484 sed
1000 2419 1196 2484 etiam
1234 2420 1389 2485 deos
1428 2419 1722 2504 despicit,
1759 2419 1870 2504 qui
1908 2420 2202 2502 postulat
2230 2419 2385 2484 deus
2417 2420 2608 2486 credi.
2645 2436 2716 2486 24

252 2507 611 2572 Amisimus
632 2505 1095 2590 Alexandrum,
1124 2507 1461 2573 amisimus
1490 2528 1740 2593 regem:
1767 2507 2114 2574 incidimus
2131 2509 2199 2572 in
2219 2510 2608 2594 superbiam,

328 2739 411 2790 1¹¹1.
448 2735 772 2790 incussos.
832 2734 905 2790 So
928 2734 1027 2792 Sil.
1047 2735 1173 2790 Ital.
1195 2741 1245 2790 2.
1267 2740 1371 2790 626
1482 2735 1603 2788 das
1632 2733 1856 2790 heisst
1891 2735 2316 2805 eingeschoben.
2347 2767 2414 2776 —-
2444 2753 2608 2804 pro·

250 2805 475 2860 verbera
518 2805 777 2877 Erimiys
820 2807 1037 2862 incutit.
1118 2806 1231 2860 Der
1275 2822 1371 2875 86·
1471 2807 1759 2874 pinquat.
1819 2803 2159 2874 0686116616·
2189 2807 2494 2888 longinqua
2522 2813 2605 2862 10.

250 2876 568 2931 wohnliche
611 2876 903 2934 Ausdruck
955 2894 1075 2932 war
1126 2877 1375 2946 infliqere
1483 2875 1960 2932 10.19.Β61ᾶ6
2013 2875 2124 2946 Adj
2128 2876 2316 2931 ectiva
2367 2877 2610 2932 braucht

248 2948 487 3002 verbera.
1481 2945 1628 3002 auch
1665 2945 1860 3001 Cicero
1895 2947 1956 3001 in
1993 2947 2272 3018 gleichem
2312 2947 2606 3002 8111116-

327 3023 409 3074 19.
466 3019 865 3086 ludificari,
908 3017 1154 3072 namlich
1190 3019 1373 3086 ipsum
1481 3020 1680 3087 leyem
1715 3033 1825 3074 66.
1883 3019 2298 3084 ,remittes-e,
2337 3018 2389 3072 d
2419 3018 2475 3071 h.
2503 3035 2611 3072 nur

248 3087 603 3156 (Craterum).
632 3121 697 3130 -
728 3091 1059 3158 reciperet
1094 3088 1201 3144 wie
1238 3089 1371 3143 rcci-
1480 3091 1572 3142 fiir
1607 3088 1800 3144 diesen
1835 3058 1975 3157 Ε611,
2014 3088 2191 3144 daher
2215 3089 2375 3146 nicht
2409 3090 2609 3158 tollere,

242 3160 411 3228 piem
443 3161 705 3228 spivitum
740 3167 791 3216 9.
830 3167 917 3216 33.
1484 3160 1710 3214 abolere.
1781 3159 1910 3228 Vgl.
1961 3159 2052 3214 die
2091 3159 2304 3214 Phrase
2347 3161 2438 3215 ius
2474 3176 2608 3228 pro-

323 3237 393 3286 20
429 3232 715 3287 interim.
755 3230 1257 3286 Gewissermassen
1278 3247 1375 3285 11111
1476 3232 1670 3300 prium
1695 3231 1870 3286 alicui
1896 3232 2175 3286 remittere.
2199 3259 2264 3270 —
2293 3232 2610 3286 sontibus

250 3301 342 3357 die
379 3318 492 3356 von
524 3301 673 3357 Phil.
708 3302 781 3356 be
782 3303 981 3372 gebi-te
1007 3300 1191 3356 Panse
1228 3301 1374 3356 auch
1482 3302 1560 3356 ist
1594 3300 1764 3356 Dativ
1809 3301 1994 3356 abban
1995 3301 2098 3371 gig
2140 3317 2254 3356 von
2295 3303 2608 3358 coniuncto-

247 3371 309 3425 in
346 3372 446 3426 der
480 3373 803 3442 Ε16611111118
842 3372 1122 3428 cintreten
1158 3391 1227 3426 zu
1261 3373 1372 3426 las·
1480 3389 1622 3426 rum.
1697 3373 1860 3427 Auch
1891 3320 2084 3428 Cicero
2123 3374 2253 3443 sagt
2289 3375 2612 3429 coniunctus

248 3459 367 3511 sen,
402 3444 506 3498 hat
540 3443 639 3499 der
666 3391 1075 3500 Schriftsteller
1098 3442 1223 3497 hier
1249 3442 1374 3498 61116
1484 3443 1666 3498 alicui
1700 3442 1780 3498 im
1817 3442 1989 3498 Sinne
2027 3460 2140 3498 von
2175 3441 2448 3514 συγγενής
2482 3463 2608 3498 τινι.

248 3514 357 3568 mit
392 3514 492 3570 der
526 3516 772 3584 quaestio
807 3531 913 3585 861·
954 3515 1117 3568 nicht
1158 3531 1373 3569 zusam-
1556 3519 1640 3568 21.
1673 3530 1918 3583 anceps
1953 3516 2231 3571 conieci.
2270 3521 2379 3573 est.
2447 3515 2609 3570 Sinn-

248 3583 537 3654 menhang
538 3585 681 3639 ende
725 3585 894 3641 Notiz
948 3585 1375 3654 eingeschoben,
1486 3585 1733 3640 dna-uber
1767 3585 2034 3642 existiren
2070 3603 2175 3640 nur
2209 3585 2610 3641 unbestimmte

247 3655 733 3724 moglicherweise
790 3658 906 3711 erst
965 3655 1377 3726 116611116811611,
1485 3655 1764 3710 Vermuth
1881 3671 1968 3712 en.
2025 3687 2092 3696 --
2159 3658 2610 3723 ostenditur,

247 3744 345 3780 um
385 3732 631 3782 7.1.10
669 3745 740 3782 zu
784 3726 1099 3782 motiviren.
1148 3757 1217 3767 —
1262 3727 1654 3782 οπο-1161111.
1692 3726 1788 3782 bei
1861 3743 1924 3782 er
1957 3728 2280 3798 Folterung.

247 3798 635 3852 bilissimas
706 3799 1004 3879 quisque.
1114 3796 1377 3853 Dieselbe
1559 3803 1643 3853 22.
1711 3803 2026 3865 ceterum,
2080 3797 2204 3854 hier
2253 3797 2609 3854 abbrechend

245 3868 437 3922 kfihne
493 3867 815 3938 appositive
861 3816 1232 3952 Verbindung
1275 3869 1379 3922 hat
1487 3894 1557 3916 ===
1585 3869 1920 3924 cuicuimodi
1945 3875 2038 3935 est,
2066 3886 2136 3924 nc
2160 3871 2350 3924 multa.
2383 3899 2446 3908 -—-
2478 3869 2550 3922 H
2549 3885 2608 3922 6-

246 3940 396 3993 auch
433 3939 623 3994 Livius
670 3945 721 3996 1.
762 3946 809 3994 7.
849 3944 881 3994 ὅ
922 3941 1075 3995 boves
1117 3941 1377 3994 eximimu
1484 3941 1768 4010 96166116.
1831 3939 2138 3995 Vielleicht
2164 3939 2265 3993 der
2290 3941 2411 3994 Arr.
2441 3946 2491 3994 3.
2526 3946 2608 3995 11.

244 4026 505 4080 quemque
523 4016 785 4068 u.''1.19.2
805 4011 993 4066 delecti
1004 4010 1192 4066 GC'C'L
1204 4010 1383 4064 VIII
1486 4017 1519 4066 8
1560 4010 1846 4066 erwahnte
1880 4010 2278 4066 Reiteroberst.

243 4081 623 4136 nobilissimus
667 4083 905 4152 quisque.
982 4080 1086 4136 Die
1132 4080 1375 4150 Apposi
1560 4087 1646 4136 23.
1707 4083 2134 4152 dediqnatur.
2210 4079 2610 4136 Construktion

246 4151 373 4206 tion
436 4152 513 4206 ist
566 4151 693 4206 eine
754 4153 1198 4208 erlauternde
1261 4152 1377 4206 und
1486 4152 1594 4208 wie
1632 4151 1724 4208 die
1757 4169 1870 4208 von
1907 4154 2169 4222 dignatus
2208 4157 2290 4206 10.
2330 4157 2416 4207 28.

244 4222 843 4294 beschrankende,
894 4223 1069 4278 daher
1112 4223 1253 4277 wird
1298 4223 1377 4278 im
1559 4229 1647 4280 24.
1687 4225 1884 4279 credi.
1959 4223 2078 4278 Nur
2114 4221 2421 4278 vereinzelt
2455 4223 2612 4278 steht

244 4292 569 4350 Deutschen
614 4265 855 4364 passend
916 4293 1009 4349 ein
1053 4292 1378 4362 namlich‚
1486 4295 1581 4350 bei
1609 4293 1927 4350 Olassikern
1955 4294 2240 4364 postulare
2273 4293 2422 4348 nach
2457 4294 2606 4350 Ana·
