3069 4749
435 147 568 212 190

1345 149 1408 215 Q.
1449 147 1669 204 CURTI
1703 149 1879 204 RUFI

327 321 396 371 20
433 332 704 376 munera
749 311 1053 376 fortunae
1098 311 1265 377 bene
1310 315 1620 396 conputo,
1672 312 1781 377 diu
1827 311 1980 376 vixi.
2072 309 2275 375 Orsus
2323 329 2361 372 a
2406 307 2800 376 Macedonia

431 400 778 483 imperium
834 398 1144 466 Graeciae
1201 404 1420 485 teneo,
1474 399 1821 466 Thraciam
1877 404 1945 464 et
1997 397 2261 483 Illyrios
2324 397 2583 481 subegi,
2644 397 2792 463 Tri-

430 488 626 554 ballis
671 487 1053 573 Maedisque
1097 489 1421 572 imperito,
1463 489 1715 573 Asiam,
1762 511 1891 572 qua
1924 487 2371 571 Hellesponto,
2419 507 2545 570 qua
2590 488 2791 552 rubro

431 577 598 642 mari
657 576 1018 662 subluitur,
1080 577 1401 660 possideo.

1503 575 1775 662 Iamque
1837 577 2011 642 haud
2073 575 2301 660 procul
2366 575 2597 642 absum
2660 576 2793 641 fine

431 665 682 746 mundi,
747 687 938 750 quem
999 687 1298 751 egressus
1355 666 1556 732 aliam
1609 669 1940 749 naturam,
1997 666 2199 731 alium
2252 665 2479 728 orbem
2538 665 2793 748 aperire

430 843 632 908 horae
687 843 982 908 transivi.

325 764 390 811 ⁶21
431 755 594 819 mihi
649 755 874 819 statui.
971 754 1075 820 Ex
1129 755 1293 819 Asia
1345 755 1416 819 in
1469 754 1776 838 Europae
1838 753 2153 819 terminos
2210 755 2539 818 momento
2594 753 2791 818 unius

1084 843 1316 908 Victor
1367 843 1709 927 utriusque
1762 843 2051 928 regionis
2104 844 2258 926 post
2312 862 2557 906 nonum
2600 842 2791 926 regni

430 932 588 1014 mei,
644 935 800 1015 post
851 932 1232 996 vicesimum
1289 935 1485 1016 atque
1543 934 1845 997 octavum
1890 932 2113 996 aetatis
2160 951 2428 1013 annum,
2482 929 2789 994 videorne

428 1021 618 1085 vobis
673 1021 744 1085 in·
791 1020 1138 1085 excolenda
1184 1021 1421 1105 gloria,
1477 1019 1583 1084 eui
1628 1041 1733 1085 me
1780 1019 1895 1084 uni
1940 1020 2201 1122 devovi,
2251 1039 2443 1102 posse
2488 1018 2789 1083 cessare?

428 1107 575 1193 Ego
621 1129 776 1172 vero
821 1130 952 1173 non
1001 1109 1192 1174 deero
1239 1114 1324 1193 et,
1369 1109 1764 1193 ubicumque
1806 1108 2136 1194 pugnabo,
2180 1109 2252 1172 in
2285 1106 2545 1172 theatro
2581 1111 2785 1172 terra-
2810 1105 2909 1171 26

324 1206 390 1254 22
429 1218 576 1261 rum
613 1196 790 1261 orbis
829 1217 970 1262 esse
1006 1220 1112 1262 me
1149 1198 1425 1264 credam.
1495 1197 1688 1262 Dabo
1714 1198 2128 1262 nobilitatem
2164 1195 2567 1281 ignobilibus
2604 1195 2786 1280 loeis,

430 1285 720 1368 aperiam
757 1286 1009 1350 eunetis
1047 1287 1356 1370 gentibus
1393 1290 1622 1370 terras,
1661 1307 1823 1371 quas
1859 1289 2096 1350 natura
2123 1286 2321 1368 longe
2350 1284 2785 1349 submoverat.

427 1373 504 1439 In
553 1373 656 1438 his
704 1374 1009 1458 operibus
1057 1375 1354 1460 extingui
1400 1373 1583 1458 mihi,
1630 1376 1686 1440 si
1730 1373 1866 1439 fors
1912 1375 2009 1438 ita
2042 1374 2229 1456 feret,
2273 1371 2620 1457 pulchrum
2656 1376 2783 1438 est:

429 1484 505 1526 ea
551 1463 758 1546 stirpe
805 1485 949 1528 sum
997 1464 1258 1548 genitus
1266 1514 1284 1548 ‚
1339 1466 1414 1528 ut
1467 1464 1745 1528 multam
1798 1463 1979 1546 prius
2028 1484 2222 1546 quam
2268 1463 2533 1545 longam
2579 1461 2789 1528 vitam

320 1570 389 1620 23
429 1551 698 1616 debeam
737 1555 981 1635 optare.
1064 1551 1349 1618 Obsecro
1387 1573 1523 1634 vos,
1563 1553 1851 1636 cogitate
1886 1573 2007 1617 nos
2043 1552 2415 1635 pervenisse
2448 1550 2520 1613 in
2556 1553 2787 1634 terrae,

428 1640 662 1723 quibus
715 1639 1000 1706 feminae
1057 1642 1140 1706 ob
1197 1642 1511 1706 virtutem
1567 1640 2056 1706 celeberrimum
2111 1661 2351 1704 nomen
2398 1641 2515 1703 est.
2606 1637 2786 1714 Quas

427 1728 624 1792 urbes
671 1726 1052 1794 Samiramis
1099 1729 1412 1795 condidit!
1469 1751 1631 1814 quas
1679 1729 1893 1815 gentis
1938 1729 2195 1812 redegit
2238 1729 2309 1792 in
2352 1727 2785 1810 potestatem!

427 1820 674 1900 quanta
719 1838 917 1901 opera
953 1819 1188 1883 molita
1224 1819 1351 1883 est!
1422 1817 1732 1885 Nondum
1766 1817 2082 1883 feminam
2120 1816 2537 1903 aequavimus
2576 1815 2785 1900 gloria

321 1924 390 1974 24
427 1909 496 1969 et
547 1905 678 1970 iam
722 1928 842 1971 nos
889 1906 1100 1972 laudis
1149 1907 1420 1972 satietas
1468 1907 1684 1992 oepit?

1774 1905 1863 1970 Di
1918 1906 2211 1989 faveant,
2264 1905 2516 1970 maiora
2571 1903 2783 1969 adhue

424 1997 696 2058 restant.
770 1992 896 2060 Sed
930 1995 1028 2059 ita
1062 1999 1292 2061 nostra
1328 2001 1540 2075 erunt,
1589 2017 1753 2080 quae
1789 1994 2079 2060 nondum
2100 1994 2480 2078 attigimus,
2518 1993 2575 2058 si
2609 1993 2779 2057 nihil

423 2104 698 2166 parvum
757 2083 1156 2168 duxerimus,
1218 2085 1290 2149 in
1351 2107 1479 2168 quo
1545 2104 1823 2168 magnae
1882 2083 2131 2167 gloriae
2187 2082 2367 2148 loeus
2424 2085 2541 2146 est.
2640 2081 2781 2147 Vos

425 2171 617 2237 modo
673 2193 776 2236 me
833 2172 914 2237 ab
973 2173 1288 2238 intestina
1343 2173 1571 2238 fraude
1628 2177 1695 2239 et
1750 2172 2253 2237 domesticorum
2299 2169 2553 2236 insidiis
2599 2191 2782 2254 prae·-

424 2343 521 2394 an3
571 2326 732 2383 Sinn:
770 2345 956 2383 veram
990 2345 1072 2385 me
1107 2345 1222 2385 non
1257 2331 1546 2400 occupavit

420 2404 785 2467 praematura
819 2415 990 2467 more,
1026 2402 1218 2457 etenim
1253 2403 1370 2457 iam
1394 2418 1547 2457 nane

423 2470 544 2525 diu
577 2471 714 2523 vixi.

495 2545 580 2593 20.
638 2556 856 2607 orsus,
911 2536 1212 2611 ὁρμηθείς,
1269 2543 1378 2597 wie
1419 2544 1548 2599 ersi

421 2610 662 2666 bellam'
643 2628 704 2665 ιιι
722 2610 1002 2681 gleiehem
1025 2613 1547 2696 zusammenhange

422 2687 472 2737 6.
510 2687 559 2736 3.
601 2688 661 2749 3,
707 2698 795 2736 wo
843 2682 966 2737 eine
1005 2683 1268 2741 ahnliche
1302 2685 1548 2739 Aufzah·

420 2753 562 2822 lung
587 2753 689 2808 der
711 2754 1126 2810 unterworfnen
1151 2755 1547 2811 Volkersehaf-

419 2826 518 2877 ten
523 2770 876 2895 g.naehfolgt
930 2856 997 2865 —
1047 2827 1428 2897 imperium
1476 2854 1545 2875 =

420 2889 751 2965 ἡγεμονίαν
808 2926 878 2938 -
939 2902 1165 2963 teneo,·
1228 2914 1290 2953 so
1353 2899 1549 2967 haufig

418 2981 646 3035 requam
675 2972 866 3023 tenere.
895 2998 963 3008 -
996 2968 1359 3035 Triballis,
1397 2970 1545 3023 auch

421 3040 472 3093 6.
500 3042 550 3091 3.
581 3043 612 3091 2
641 3053 752 3092 von
786 3037 895 3093 den
921 3038 1080 3108 Illyri
1081 3054 1181 3093 ern
1206 3040 1545 3095 anter-schie-

419 3107 546 3162 den.
594 3138 662 3149 -
711 3110 1128 3191 Maedisque.
1201 3110 1306 3165 Die
1354 3110 1544 3165 Maedi

417 3194 606 3233 waren
653 3178 889 3235 ostliehe
927 3179 1396 3236 Grenznaehbarn
1441 3182 1543 3235 der

416 3248 660 3305 Paonier
707 3266 800 3303 am
847 3252 1057 3307 oberen
1095 3252 1373 3320 Strymon.
1447 3251 1541 3307 Sie

417 3320 691 3389 gehorten
715 3339 784 3375 zu
804 3322 914 3376 den
932 3323 1289 3379 thracisehen
1306 3323 1542 3378 Volker·

417 3392 710 3448 stammen.
748 3422 816 3431 ——
852 3394 1210 3449 subluitur
1244 3394 1352 3449 wie
1381 3394 1540 3449 Caes.

417 3461 470 3515 b.
489 3479 543 3531 g.
567 3468 616 3518 7.
639 3468 706 3517 69
735 3464 890 3517 collis
914 3466 1130 3521 radices
1155 3466 1392 3533 flamina
1416 3466 1543 3520 sub-

417 3532 654 3588 luebant.
721 3533 890 3589 Sonst
905 3534 1148 3590 braueht
1167 3535 1222 3591 C.
1242 3536 1302 3590 in
1329 3536 1543 3591 diesem

418 3602 588 3659 Sinne
616 3605 852 3661 adlicere.
875 3635 942 3645 —-
962 3607 1173 3661 aliam
1197 3611 1542 3673 naturam,

421 3674 544 3729 ‘ein
579 3692 722 3745 ganz
759 3692 932 3731 neues
971 3676 1221 3731 Gebiet
1256 3678 1374 3732 de'r
1409 3678 1541 3732 Na-

414 3746 556 3800 tur'
597 3748 710 3817 vgl.
749 3753 798 3803 3.
829 3752 863 3801 8
901 3766 954 3802 u.
985 3754 1036 3804 4.
1069 3752 1137 3801 18
1172 3753 1330 3804 extra
1355 3749 1543 3805 sidera

415 3822 465 3871 et
497 3819 673 3873 solem.

487 3894 572 3943 21.
627 3894 943 3945 momento
986 3891 1214 3957 horae,
1257 3890 1366 3944 wie
1409 3890 1532 3945 Liv.

417 3966 465 4013 5.
497 3967 543 4015 7.
576 3966 636 4029 3,
671 3961 807 4017 Hor.
836 3963 941 4015 sat.
974 3966 1100 4027 1.1.
1133 3968 1181 4015 7.
1254 3961 1537 4015 Ermeint

413 4031 524 4087 den
579 4002 762 4087 U’eber
762 4048 914 4102 gang
967 4032 1108 4086 iiber
1160 4030 1271 4085 den
1326 4031 1532 4085 Tanais

413 4102 468 4169 (J
471 4103 734 4170 axartes)
743 4049 850 4157 dgen
861 4101 1325 4157 vermeintliehen
1333 4101 1532 4157 Grenz-

411 4173 544 4227 fluss
591 4173 786 4228 beider
826 4170 1158 4228 Welttheile
1205 4189 1246 4226 s.
1297 4174 1444 4227 oben
1481 4180 1530 4229 7.

415 4249 463 4299 7.
501 4248 549 4296 2.
591 4273 657 4282 -
703 4259 975 4310 nonum,
1028 4242 1389 4299 irrthiimlieh
1443 4243 1533 4298 fur

413 4312 701 4379 decimum,
747 4314 954 4368 ebenso
998 4316 1152 4371 viee&
1192 4320 1352 4385 atque
1387 4320 1531 4371 octa-

1652 2346 1780 2385 vum
1797 2327 1887 2384 fiir
1905 2328 2255 2394 tricesimam,
2284 2327 2431 2383 denn
2450 2326 2605 2383 Alex.
2634 2326 2781 2383 hielt

1655 2401 1807 2456 diese
1844 2400 1999 2455 Rede
2034 2401 2115 2455 im
2150 2399 2372 2482 Winter
2407 2404 2526 2453 326.
2566 2429 2634 2439 -
2670 2416 2778 2453 ex-

1654 2471 1935 2528 colenda
1978 2472 2230 2541 ylaria,
2275 2470 2401 2525 eine
2435 2470 2777 2539 ungewohn-

1653 2538 1803 2598 liehe
1855 2540 2087 2598 Phrase.
2142 2572 2211 2583 —
2270 2557 2403 2596 non
2455 2542 2645 2596 deero
2698 2557 2776 2597 se.

1653 2615 1886 2684 yion-iae,
1932 2614 2116 2682 officio
2171 2614 2381 2683 qim-iae
2434 2612 2773 2667 excolendae.

1656 2716 1723 2725 —
1753 2686 1826 2739 in
1851 2685 2115 2741 theatro
2142 2684 2342 2739 orbis,
2385 2682 2459 2737 So
2481 2682 2594 2737 Gie.
2617 2682 2775 2741 Verr.

1654 2760 1704 2810 5.
1745 2760 1845 2810 35
1858 2760 1926 2809 at
1967 2772 2050 2809 me
2092 2755 2255 2825 quasi
2298 2755 2363 2808 in
2406 2755 2593 2823 aliquo
2628 2754 2779 2809 orbis

1652 2833 1780 2881 terr.
1844 2827 2056 2881 theatro
2122 2826 2333 2881 versari
2393 2826 2773 2881 existimarem.
2835 2839 2847 2851 ·

1652 2895 1933 2951 Aehnlieh
1981 2895 2079 2952 Ov.
2129 2896 2273 2952 trist.
2326 2904 2371 2950 1.
2410 2902 2461 2951 9.
2498 2902 2568 2951 48
2612 2912 2775 2951 scena

1652 2972 1834 3023 manet
1878 2969 2026 3022 dotes
2069 2968 2331 3036 mandis,
2383 2968 2581 3034 amice,
2626 2972 2772 3023 tuae.

1722 3044 1806 3093 22.
1843 3039 2264 3094 submoverat
2298 3055 2373 3094 se.
2403 3038 2599 3103 adhue,
2626 3038 2772 3093 olim.

1652 3108 1727 3163 So
1764 3110 2054 3164 audieram
2092 3114 2174 3164 10.
2218 3116 2263 3165 1.
2304 3114 2398 3175 37;
2436 3109 2775 3163 credideram

1653 3186 1735 3235 10.
1775 3186 1823 3234 3.
1864 3186 1922 3245 93
1959 3180 2111 3235 soliti
2146 3185 2305 3235 erant
2346 3186 2430 3234 10.
2458 3185 2509 3233 9.
2540 3185 2606 3233 12
2637 3196 2688 3235 ιι.
2720 3184 2770 3235 ὃ.

1648 3282 1719 3291 -
1755 3253 1856 3305 ita
1890 3251 2075 3317 seret.
2141 3250 2332 3321 Ver-gl.
2359 3250 2631 3319 quidquid
2654 3251 2775 3317 fore

1649 3322 2094 3389 talerit5.8.l'1·
2124 3322 2773 3376 5.11.11.-ma1tam

1640 3394 1845 3461 prius
1880 3410 2071 3463 quam
2108 3394 2399 3463 lonyam,
2443 3392 2618 3462 vei-gl.
2658 3390 2770 3446 Cic.

1652 3464 1791 3519 Cato
1820 3470 1853 3518 9
1886 3480 2009 3519 eum
2044 3464 2146 3519 diu
2179 3464 2525 3561 multumque
2546 3463 2767 3517 viaeerie.

1650 3535 1982 3590 Uebersetze
2046 3536 2251 3590 multae
2313 3533 2419 3587 mit
2478 3532 2771 3588 ‘inhalt—

1651 3605 1872 3660 reieh’
1879 3647 1892 3659 .
1966 3606 2130 3659 Aueh
2176 3607 2333 3659 sonst
2378 3605 2533 3659 steht
2566 3606 2771 3659 multas

1649 3676 1813 3731 nieht
1836 3677 2015 3731 selten
2042 3678 2101 3730 in
2129 3676 2341 3731 diesem
2374 3674 2770 3729 intensiven

1652 3747 1821 3802 Sinne
1859 3766 1907 3805 z.
1944 3748 2006 3802 Β.
2044 3748 2246 3803 multus
2281 3748 2389 3813 sol,
2427 3746 2605 3801 multa
2638 3762 2771 3812 nox,

1646 3819 1825 3874 malta
1858 3818 2051 3887 opinio
2078 3843 2146 3864 =
2177 3816 2359 3873 heisee
2392 3815 2595 3884 Sonne,
2630 3815 2769 3870 tiefe

1648 3886 1862 3958 Naeht,
1897 3888 2235 3944 verbreitete
2271 3887 2525 3943 Ansieht.
2598 3887 2771 3941 Prius

1640 3959 1719 4013 im
1742 3959 1911 4015 Sinne
1929 3974 2041 4014 von
2059 3961 2253 4028 potius
2268 3959 2371 4014 hat
2390 3958 2537 4013 aueh
2555 3958 2765 4013 Livius.

1712 4038 1797 4087 23.
1838 4030 2267 4098 Samiramis,
2302 4048 2343 4086 s.
2384 4036 2431 4084 7.
2472 4036 2522 4085 6.
2562 4035 2647 4083 20.

1713 4108 1799 4157 24.
1860 4102 2175 4169 maiora,
2246 4101 2347 4156 der
2408 4100 2527 4170 Zug
2589 4098 2768 4154 durch

1642 4172 1840 4227 Afrika
1876 4171 2021 4227 naeh
2057 4171 2457 4241 Westeuropa,
2505 4189 2547 4227 s.
2590 4175 2672 4224 10.
2714 4176 2763 4225 1.

1644 4250 1727 4299 17.
1767 4273 1837 4285 -
1873 4245 1974 4298 ita
2014 4284 2069 4300 ..
2107 4246 2195 4312 ei,
2239 4244 2345 4298 wie
2391 4241 2511 4297 Liv.
2554 4247 2599 4295 1.
2639 4244 2689 4295 8.
2729 4244 2762 4294 2

1643 4340 1709 4361 --=
1738 4332 1803 4369 ea
1829 4316 2166 4383 conditione,
2200 4315 2265 4371 si.
2307 4345 2373 4355 --
2410 4328 2525 4366 vos
2560 4312 2765 4366 modo.
