3069 4749
427 153 552 216 118
1330 153 1396 219 Q.
1433 153 1658 210 CURTI
1692 153 1867 208 RUFI

421 319 632 397 verat,
689 315 960 400 stringit
1011 317 1335 399 caputque
1387 315 1524 380 eius
1582 315 1909 382 abscisum
1964 337 2191 382 cruore
2246 339 2545 401 respersa
2591 342 2781 384 servo

318 423 385 470 10
424 426 539 470 suo
605 405 862 470 conscio
921 403 1234 470 facinoris
1297 403 1516 470 tradit.

422 496 689 560 cruenta
759 497 966 576 veste,
1049 493 1117 558 in
1188 492 1615 560 Macedonum
1643 561 1662 572 ⁵
1690 497 1905 558 castra
1982 494 2282 577 pervenit
2360 497 2781 582 nuntiarique

317 600 382 648 11
423 581 790 648 Alexandro
837 582 1045 666 iubet,
1098 603 1264 665 esse,
1321 603 1487 666 quae
1533 603 1612 646 ex
1657 581 1803 665 ipsa
1850 582 2113 648 deberet
2158 583 2568 667 adgnoscere.
2657 584 2779 650 Ille

422 671 722 754 protinus
768 671 1118 736 barbaram
1161 671 1360 736 iussit
1403 669 1685 736 admitti.
1768 669 1975 744 Quam
2022 675 2097 736 ut
2140 693 2504 754 respersam
2553 694 2780 738 cruore

371 767 402 782 ‘
425 760 788 844 conspexit,
832 764 1043 842 ratus,
1089 759 1172 824 ad
1218 758 1683 842 deplorandam
1728 760 2187 827 contumeliam
2232 761 2517 845 venisse,
2566 762 2780 828 dicere

320 865 384 915 12
425 869 591 932 quae
642 850 842 913 vellet
893 848 1090 913 iubet.
1188 847 1284 912 At
1333 847 1449 911 illa
1503 868 1790 932 servum,
1855 870 2045 932 quem
2098 849 2168 912 in
2220 849 2545 915 vestibulo
2600 855 2778 916 stare

420 937 728 1020 iusserat,
791 937 1114 1002 introduci
1181 936 1593 1001 desideravit.
1694 936 1844 1019 Qui,
1908 939 2063 1021 quia
2126 942 2321 1020 caput
2382 937 2777 1022 Spitamenis

421 1029 600 1092 veste
645 1029 890 1092 tectum
933 1025 1250 1104 habebat,
1306 1029 1647 1108 suspectus
1702 1026 2167 1110 scrutantibus,
2222 1027 2377 1111 quid
2434 1029 2777 1112 occuleret,

317 1132 383 1180 13
422 1115 726 1180 ostendit.
826 1112 1223 1180 Confuderat
1286 1115 1420 1178 oris
1483 1114 1829 1200 exsanguis
1894 1119 2085 1180 notas
2146 1117 2360 1198 pallor
2420 1138 2567 1200 1166,
2628 1117 2777 1200 quis

421 1208 623 1282 esset,
668 1205 850 1270 nosci
897 1204 1059 1268 satis
1105 1207 1384 1287 poterat.
1465 1202 1647 1288 Ergo
1694 1225 1835 1287 rex,
1880 1205 2117 1268 certior
2160 1203 2373 1269 factus
2420 1205 2779 1270 humanum

425 1296 620 1376 caput
665 1292 917 1358 adferre
974 1314 1148 1375 611111,
1200 1292 1619 1358 tabernaculo
1666 1293 1945 1358 excessit
1987 1297 2561 1378 percontatusque,
2619 1294 2778 1378 quid

321 1399 387 1447 14
423 1381 518 1446 rei
566 1382 678 1464 sit,
723 1381 838 1447 isso
883 1380 1232 1465 profitente
1277 1381 1631 1465 cognoscit.
1712 1380 1956 1446 Variae
2002 1381 2155 1446 hinc
2200 1383 2631 1466 cogitationes
2677 1384 2775 1448 in-

421 1470 630 1536 vicem
712 1471 1000 1536 animum
1081 1470 1340 1535 diversa
1421 1470 1782 1554 agitantem
1858 1475 2357 1536 commoverant.
2464 1471 2777 1536 Meritum

420 1557 652 1644 ingens
717 1560 788 1623 in
851 1563 1057 1624 semet
1111 1581 1253 1624 esse
1307 1559 1637 1643 credebat,
1702 1560 1873 1643 quod
1925 1559 2271 1644 transfuga
2335 1564 2402 1625 et
2464 1559 2777 1644 proditor,

420 1649 624 1712 tantis
668 1648 892 1731 rebuS,
947 1649 1006 1713 si
1058 1648 1358 1731 vixisset,
1409 1649 1763 1713 iniecturus
1810 1670 2089 1733 moram,
2146 1648 2528 1714 interfectus
2576 1653 2776 1714 esset:

419 1741 646 1802 contra
706 1736 960 1802 facinus
1016 1738 1247 1821 ingens
1312 1738 1761 1820 aversabatur,
1823 1759 1970 1802 cum
2024 1739 2269 1821 optime
2325 1737 2632 1802 meritum
2696 1739 2775 1803 de

419 1825 590 1908 ipsa,
636 1827 1076 1891 communium
1121 1829 1460 1910 parentem
1505 1826 1813 1908 liberum,
1859 1849 1976 1911 per
2010 1827 2283 1892 insidias
2318 1826 2776 1892 interemisset.

316 1931 382 1980 15
419 1911 599 1980 Vicit
659 1918 882 1980 tamen
943 1915 1228 2000 gratiam
1293 1915 1510 1980 meriti
1576 1916 1837 1980 sceleris
1900 1916 2209 1980 atrocitas
2284 1914 2775 2000 denuntiarique

415 2002 634 2087 iussit,
681 2008 756 2069 ut
801 2005 1137 2070 excederet
1181 2005 1416 2069 castris
1455 2026 1583 2068 neu
1630 2005 1932 2069 licentiae
1978 1984 2299 2069 barbarae
2336 2004 2667 2088 exemplar
2702 2005 2775 2068 in

1624 403 1875 471 Eodem
1939 405 2319 489 comitante,
2384 407 2575 472 sicuti
2637 413 2781 474 erat
2808 412 2895 476 12

313 2108 378 2158 16
419 2090 812 2159 Graecorum
857 2115 1072 2158 mores
1119 2096 1186 2159 et
1238 2094 1426 2157 mitia
1478 2094 1744 2177 ingenia
1795 2093 2196 2158 transferret.
2286 2091 2513 2158 Dahae
2558 2091 2771 2176 Spita·
2798 2095 2884 2159 13

417 2181 624 2246 menis
662 2183 852 2247 caede
888 2185 1202 2265 conperta
1237 2180 1733 2265 Dataphernen,
1770 2181 2149 2248 defectionis
2188 2183 2327 2247 eius
2365 2181 2772 2266 participem,

413 2408 649 2463 malerei
721 2409 825 2461 mit
903 2408 1031 2462 dem
1103 2407 1464 2464 Buchstaben
1511 2425 1541 2463 6

415 2479 716 2548 (6661161661
751 2478 1119 2547 wieder-holt).

488 2570 571 2623 10.
608 2568 825 2621 sicuti
867 2584 907 2621 6.
947 2582 1029 2621 cr.
1076 2572 1278 2633 veste,
1332 2584 1374 2621 6.
1413 2574 1462 2623 2.
1503 2574 1537 2622 8

411 2640 557 2693 sicut
599 2639 783 2693 adhuc
826 2642 1113 2693 cruentum
1165 2643 1414 2693 6161.-
1461 2656 1539 2693 ex

411 2711 568 2779 ipsa
613 2709 666 2764 d.
703 2710 757 2765 h.
803 2709 984 2777 ipsius
1029 2710 1314 2779 adspectu,
1360 2709 1539 2765 daher

415 2782 745 2863 adynoscere
792 2780 1138 2850 vollstandig
1200 2780 1534 2851 berechtigt.

413 2850 528 2907 Der
555 2851 692 2906 Sinn
727 2850 828 2906 161.
865 2870 962 2906 11111
998 2870 1066 2905 zu
1103 2851 1380 2920 erfahren,
1416 2869 1532 2907 was
1584 2896 1587 2899 .

412 2940 809 2993 vorgegangen
828 2923 1142 2991 661,1111·1666
1163 2940 1224 2977 er
1250 2922 1333 2978 616
1361 2923 1537 2977 selbst

410 2995 602 3134 Ξῗιιιίῃ
623 2994 760 3119 exvg
751 2992 974 3135 11ηεῖρὸἒῖ
980 3036 992 3048 ⁰
1025 2995 1238 3131 ltacgt-102·
1265 2996 1537 3133 moggi

398 3141 635 3262 ξὲίωὲιέ.
684 3167 750 3175 -
797 3137 1268 3191 contumeliam
1321 3135 1428 3193 wie
1477 3141 1530 3191 4.

483 3300 566 3349 12.
611 3297 1043 3353 desideravit.
1117 3295 1244 3364 Vgl.
1301 3302 1349 3349 7.
1398 3302 1446 3349 ’1.
1497 3302 1528 3351 ’1

399 3367 578 3435 plura
612 3367 729 3421 dici
759 3384 846 3423 res
879 3368 1224 3422 desideravit.
1253 3396 1321 3407 --
1349 3371 1531 3421 stare

410 3462 480 3481 --=
517 3437 757 3492 stehen
802 3436 1110 3505 bleiben‚
1156 3436 1262 3491 wie
1309 3439 1537 3492 stabant

407 3507 528 3564 Liv.
568 3514 618 3564 2.
657 3513 742 3565 66.
786 3514 867 3562 11.
925 3507 1146 3562 Ebenso
1181 3508 1336 3563 haesi
1361 3514 1410 3562 4.
1445 3514 1529 3563 10.

414 3584 480 3632 12
516 3597 572 3635 11.
607 3580 834 3634 nituisset
867 3582 1044 3633 unten
1079 3584 1110 3644 ξ
1152 3585 1235 3633 14.

483 3672 565 3721 13.
587 3669 1020 3735 confuderat,
1041 3667 1268 3737 61961111.
1283 3668 1531 3735 effecerat

407 3744 472 3793 ut
533 3754 638 3793 con
841 3744 1018 3793 entur.
1111 3738 1226 3793 Das
1292 3738 1530 3808 Subjekt

399 3810 637 3879 pallor
703 3811 780 3864 161
853 3809 1260 3907 porsonificirt3
1331 3757 1532 3864 nthas

408 3881 534 3935 sind
570 3879 663 3935 die
694 3880 1161 3952 ’066161116613962
1199 3881 1530 3935 lineamenta

408 3968 537 4007 ΜΒ.

485 4046 566 4096 14.
614 4042 833 4095 tantis
876 4042 1071 4095 rebus
1115 4040 1221 4095 wie
1272 4044 1322 4094 3.
1371 4044 1528 4094 6.19

411 4136 479 4157 ==
508 4110 700 4167 66111611
727 4128 958 4181 91666611
978 4111 1402 4165 Unternehmun
1473 4128 1528 4165 n.

411 4182 670 4237 Gemeint
713 4182 793 4237 ist
833 4182 1226 4237 insbesondere
1271 4180 1372 4235 der

409 4252 556 4305 nach
584 4252 796 4307 Indien.
827 4282 894 4293 --
923 4254 1320 4308 iniecturus.
1367 4251 1530 4305 Auch

409 4320 602 4375 Livius
666 4324 768 4379 hat
819 4324 1002 4378 noben
1045 4338 1274 4379 -moram
1332 4323 1529 4391 facore,

1646 2408 1870 2475 insen-e,
1906 2411 2103 2476 afferre
2137 2409 2263 2465 hier
2298 2410 2412 2464 und
2450 2410 2524 2466 da
2558 2425 2769 2465 moram

1644 2481 2092 2548 (cwnctationem)
2148 2482 2323 2537 alicui
2374 2483 2505 2551 (rei)
2547 2483 2765 2539 inicere.

1719 2552 2047 2618 16111611
2107 2550 2191 2605 ‘es
2246 2569 2375 2623 wog
2419 2552 2769 2607 schliesslich

1646 2622 1949 2703 schwerer,
2031 2622 2145 2691 gab
2227 2624 2337 2679 den
2407 2623 2766 2693 Ausschlag',

1643 2692 1815 2746 naml.
1852 2692 1914 2747 in
1934 2640 2314 2750 Alegxander’s
2350 2693 2529 2749 86616
2560 2726 2627 2735 -
2657 2696 2765 2751 lic.

1645 2764 1983 2820 barbarae
2050 2766 2387 2835 exemplar
2450 2790 2521 2811 ==
2583 2766 2766 2825 dieses

1644 2834 1983 2906 (schlimme)
2033 2836 2085 2892 V
2097 2852 2130 2891 o
2140 2854 2169 2890 r
2178 2836 2244 2891 bi
2257 2836 2278 2889 1
2290 2836 2327 2890 d
2380 2832 2767 2894 barbarischer'

1640 2904 1905 2963 Rohheit.
1996 2907 2159 2961 Auch
2212 2906 2316 2963 wir
2381 2923 2555 2988 sagon
2608 2908 2767 2961 nicht

1639 2974 1818 3059 bloss·
1888 2978 2051 3032 ‘von
2113 2977 2297 3033 einem
2357 2977 2454 3032 Ori
2456 2978 2610 3046 ginal
2672 2993 2764 3047 96-

1640 3046 1804 3101 wisse
1865 3046 1983 3117 Zug
1984 3064 2015 3101 6
2069 3048 2173 3102 auf
2222 3048 2313 3101 die
2372 3047 2491 3117 Cop
2490 3048 2543 3103 16
2597 3049 2761 3103 fiber·

1638 3118 1881 3199 tragen’,
1940 3066 2179 3173 sondern
2224 3119 2369 3173 auch
2424 3118 2589 3175 kurz.
2646 3118 2764 3173 das

1640 3188 1806 3257 Orig
1811 3187 1983 3255 inal,
2029 3187 2289 3241 Muster
2328 3188 2763 3257 sibertragon.

1643 3258 1969 3325 Transforre
1994 3275 2111 3314 war
2128 3259 2170 3314 t.
2189 3258 2241 3311 t.-
2261 3257 2362 3311 der
2386 3257 2765 3313 nachahmen·

1639 3330 1749 3385 den
1785 3328 2025 3397 Kiinste,
2072 3327 2186 3398 vgl.
2222 3327 2335 3383 016.
2375 3328 2445 3383 (16
2482 3327 2595 3382 inv.
2635 3334 2687 3383 2.
2727 3335 2763 3383 2

1638 3406 1703 3455 ut
1745 3406 1957 3455 mutum
2009 3401 2073 3455 in
2123 3400 2479 3455 simulacrum
2524 3416 2591 3453 eae
2637 3402 2763 3455 ani-

1637 3473 1774 3527 mali
1800 3472 2039 3541 exemplo,
2065 3475 2155 3540 (--=
2178 3470 2460 3527 belebtem
2482 3468 2581 3528 Ori
2624 3470 2636 3482 “
2582 3471 2760 3540 911161)

1637 3544 1841 3599 veritas
1922 3542 2311 3608 transferatur.
2426 3541 2762 3597 Uebersetze

1636 3611 2764 3682 116161.6111Ζ119νο11116111611661161·

1638 3683 1957 3739 Rohheit.
2030 3683 2368 3839 {Vielleicht
2412 3683 2634 3739 schrieb
2673 3684 2759 3739 C.=

1637 3754 2031 3821 trmwferretur
2126 3784 2195 3795 —-
2251 3770 2483 3820 1116166,
2536 3754 2759 3822 Wesen,

1638 3824 1962 3879 Charakter.
2070 3826 2152 3884 Zu
2213 3827 2377 3881 mitia
2430 3826 2545 3896 vgl.
2602 3831 2652 3879 3.
2709 3831 2761 3879 2.

1642 3902 1709 3951 1ῖ
1745 3898 1875 3953 mite
1902 3898 2223 3967 inycniwm;
2260 3903 2309 3951 9.
2352 3903 2435 3952 10.
2466 3902 2498 3949 9
2535 3896 2761 3950 inmitia

1636 3968 1880 4037 ingema-
1918 3968 2026 4025 Die
2044 3966 2510 4026 macedonischen
2519 3966 2761 4023 Grossen

1638 4038 1831 4107 1691611
1856 4037 2058 4095 Werth
2086 4039 2310 4107 darauf,
2346 4038 2428 4093 als
2453 4037 2760 4093 Abkomm-

1638 4108 1794 4179 linge
1832 4109 1932 4166 der
1968 4108 2125 4169 alten
2152 4110 2349 4166 1)61·161·
2370 4108 2758 4177 (Herakliden)

1452 4197 1532 4250 ug
1639 4198 1708 4239 zu
1734 4178 1844 4233 den
1870 4179 2146 4239 Beneuen
2172 4178 2400 4250 96161111
2424 4197 2493 4235 zu
2518 4179 2759 4236 werden

1640 4250 1695 4305 S.
1734 4256 1785 4305 6.
1822 4256 1873 4305 9.
1910 4256 1997 4305 36.

1716 4326 1797 4375 16.
1834 4320 2349 4389 Dataphernen,
2394 4338 2437 4373 6.
2487 4325 2535 4375 7.
2582 4323 2632 4375 6.
2671 4325 2761 4375 21.
