3069 4749
840 153 1344 211 HISTORIARUM
1379 154 1810 210 ALEXANDRI
1846 155 2004 226 VIII,
2045 161 2127 211 10.
2523 157 2655 222 147

307 321 528 386 divino
573 319 909 403 instinctu,
955 316 1068 382 sed
1104 317 1372 383 lascivia
1409 339 1550 382 esse
1585 321 1944 402 provectos,
1990 321 2063 383 ut
2097 319 2341 403 passim
2376 319 2653 385 hederae

309 432 384 476 ac
428 409 662 474 vitium
707 407 870 472 folia
917 405 1330 490 decerperent
1373 406 1782 490 redimitique
1817 406 2047 473 fronde
2083 411 2225 474 toto
2271 428 2530 475 nemore
2568 409 2649 474 si-

307 499 497 564 miles
534 494 1002 562 bacchantibus
1039 497 1451 580 vagarentur.
1503 495 1811 561 -vocibus
1850 515 2005 580 ergo
2043 499 2147 562 tot
2180 496 2432 561 milium
2469 519 2651 582 prae·
2690 510 2757 558 16

307 587 514 652 sidem
567 583 850 650 nemoris
906 584 1043 648 eius
1099 585 1288 648 deum
1349 583 1761 649 adorantium
1819 584 1975 669 iuga
2028 586 2269 650 montis
2325 586 2651 671 collesque

307 675 731 758 resonabant,
785 694 932 738 cum
979 676 1124 738 orta
1169 671 1439 738 licentia
1486 695 1525 736 a
1571 673 1823 756 paucis,
1876 675 1954 736 ut
1996 672 2131 738 fere
2149 725 2155 730 .
2176 674 2269 757 fit,
2313 674 2380 738 in
2426 695 2651 740 omnes

313 787 382 830 se
426 766 688 847 repente
733 761 1088 844 vulgasset.
1179 760 1430 844 Quippe
1476 760 1657 826 velut
1700 761 1769 825 in
1814 759 2025 826 media
2070 782 2229 846 pace
2265 784 2380 847 per
2413 762 2653 830 herbas
2691 769 2758 824 17

311 852 772 937 adgestamque
825 849 1122 914 frondem
1174 853 1583 934 prostravere
1638 871 1928 932 corpora.
2014 850 2106 915 Et
2158 872 2269 915 rex
2313 850 2652 917 fortuitam

309 941 627 1006 laetitiam
670 961 801 1004 non
847 942 1182 1003 aversatus
1228 939 1414 1022 large
1458 939 1541 1002 ad
1586 939 1811 1022 epulas
1849 938 2147 1004 omnibus
2185 939 2500 1024 praebitis
2537 963 2655 1024 per

310 1049 361 1094 x
411 1029 548 1095 dies
594 1028 830 1094 Libero
876 1026 1059 1092 Patri
1106 1030 1442 1111 operatum
1487 1026 1719 1092 habuit
1774 1028 2141 1092 exercitum.
2242 1027 2402 1104 Quis
2456 1032 2653 1114 neget
2692 1041 2759 1089 18

311 1119 616 1184 eximiam
661 1137 914 1201 quoque
961 1117 1239 1200 gloriam
1295 1115 1554 1199 saepius
1607 1116 1907 1181 fortunae
1963 1138 2156 1201 quam
2202 1116 2465 1181 virtutis
2513 1139 2653 1182 esse

311 1206 740 1272 beneficium?
796 1205 1038 1290 quippe
1089 1227 1172 1270 ne
1219 1205 1555 1288 epulantes
1602 1204 1862 1289 quidem
1908 1207 1974 1269 et
2018 1205 2269 1289 sopitos
2315 1227 2495 1271 mero
2544 1206 2653 1272 ad·

314 1295 496 1380 gredi
541 1317 736 1361 ausus
781 1297 884 1360 est
925 1294 1155 1378 hostis,
1197 1293 1374 1359 haud
1418 1315 1602 1358 secus
1648 1293 2101 1359 bacchantium
2138 1294 2657 1380 ululantiumque

311 1384 574 1449 fremitu
619 1384 1018 1468 perterrituS,
1062 1405 1254 1468 quam
1302 1382 1356 1447 si
1391 1383 1851 1466 proeliantium
1889 1383 2133 1447 clamor
2170 1386 2343 1448 esset
2379 1383 2659 1448 auditus.

310 1472 560 1538 Eadem
595 1472 876 1538 felicitas
913 1473 996 1536 ab
1034 1470 1290 1537 Oceano
1328 1475 1725 1536 revertentes
1769 1472 2161 1536 temulentos
2200 1471 2653 1539 comissantes·

311 1584 434 1647 que
481 1561 655 1632 inter
700 1583 814 1625 ora
857 1561 1148 1625 hostium
1191 1561 1376 1625 texit.

202 1654 290 1720 37
488 1649 662 1715 Hinc
707 1649 790 1712 ad
831 1649 1192 1733 regionem,
1237 1671 1400 1732 quae
1444 1647 1737 1714 Daedala
1782 1651 2067 1732 vocatur,
2109 1652 2491 1734 perventum
2538 1652 2657 1714 est.
2696 1662 2760 1708 19

313 1737 747 1804 Deseruerant
782 1738 1037 1802 incolae
1074 1738 1258 1802 sedes
1295 1741 1363 1802 et
1397 1738 1464 1801 in
1501 1739 1683 1803 avios
1721 1737 2178 1822 silvestresque
2213 1741 2467 1803 montes
2504 1759 2656 1803 con·

313 1827 635 1912 fugerant.
733 1825 912 1911 Ergo
967 1825 1249 1891 Acadira
1307 1826 1550 1902 transit
1612 1847 1809 1910 aeque
1872 1830 2021 1890 unta
2074 1830 2142 1891 et
2194 1825 2506 1892 destituta
2558 1827 2659 1891 in·

314 1917 664 1981 colentium
734 1915 910 2000 fuga.
1015 1913 1262 1998 Itaquq
1311 1915 1631 1980 rationem
1702 1914 1861 1980 belli
1930 1915 2285 1980 necessitas
2357 1915 2655 1981 mutavit.
2692 1928 2762 1975 20

311 2004 558 2070 Divisis
605 2005 775 2069 enim
823 2003 1026 2088 copiis
1068 2004 1357 2087 pluribus
1397 2004 1590 2067 simul
1625 2004 1786 2077 locis
1826 2026 2006 2069 arma
2046 2004 2348 2088 ostendit,
2392 2025 2657 2088 oppres·

315 2094 525 2178 sique,
587 2093 702 2157 ubi
755 2113 888 2158 non
943 2095 1439 2176 expectaverant
1491 2092 1777 2176 hostem,
1840 2093 2017 2158 omni
2073 2092 2252 2158 clade
2306 2092 2657 2177 perdomiti

313 2187 481 2249 sunt.
568 2180 979 2247 Ptolemaeus
1036 2181 1350 2265 plurimas
1407 2181 1626 2264 urbeS,
1682 2181 2050 2246 Alexander
2094 2182 2410 2247 maximas
2458 2181 2658 2266 cepit:
2692 2194 2757 2240 21

311 2293 691 2356 rursusque,
747 2293 905 2356 quas
961 2269 1406 2354 distribuerat,
1461 2270 1682 2354 copias
1737 2270 1967 2335 iunxit.
2059 2269 2375 2355 Superato
2430 2270 2659 2336 deinde
2694 2283 2763 2330 22

311 2358 608 2447 Choaspe
667 2384 856 2427 amne
905 2356 1168 2425 Coenon
1224 2358 1294 2424 in
1340 2359 1675 2425 obsidione
1722 2360 1901 2426 urbis
1950 2360 2295 2445 opulentae
2338 2396 2411 2407 —-
2463 2359 2660 2425 Beira

384 2560 469 2609 15.
533 2555 794 2609 divino
845 2554 1257 2619 instinctu,
1318 2551 1426 2607 wie
1533 2553 1871 2609 schmolzen.
1898 2552 2031 2623 Vgl.
2051 2553 2339 2622 auchper
2361 2560 2661 2610 oravestzra

313 2623 578 2693 glaubige
635 2624 1254 2680 Geschichtsschreiber
1306 2640 1426 2679 ver·
1532 2625 1814 2691 incedwnt,
1844 2622 1979 2679 Sall.
2008 2624 2135 2693 Jug.
2165 2630 2357 2679 31.10.
2391 2656 2458 2665 -
2487 2626 2660 2680 texit

311 2694 519 2749 breitet
553 2694 770 2749 hatten.
842 2692 972 2763 Vgl.
1008 2694 1148 2749 Just.
1183 2699 1268 2748 12.
1298 2700 1346 2748 7.
1377 2700 1425 2748 8.
1538 2700 1824 2749 ===tutata
1868 2700 1971 2761 est,
2006 2696 2253 2763 protexit
2287 2694 2394 2751 wie
2430 2701 2461 2762 ξ
2497 2700 2565 2751 26
2603 2715 2661 2753 ιι.

315 2794 384 2804 --
403 2768 756 2833 provectos
783 2789 851 2809 ==
879 2765 1142 2832 impulsos
1174 2764 1282 2818 wie
1308 2761 1427 2819 Liv.
1538 2720 1684 2821 ‹Tf'ter
1718 2764 1812 2820 bei
1849 2764 1907 2819 C.

315 2842 364 2889 2.
408 2841 492 2890 50.
542 2840 574 2889 5
620 2836 752 2889 haee
785 2850 906 2903 spes
945 2835 1200 2902 provexit
1241 2839 1306 2888 ut
1341 2835 1428 2889 de·
1610 2842 1695 2893 19.
1747 2836 2085 2904 Daedala,
2121 2837 2234 2906 vgl.
2272 2842 2475 2893 ”tontes
2510 2837 2661 2894 Dae-

312 2910 608 2961 cwrrerent.
699 2904 889 2961 Daher
951 2903 1042 2959 die
1096 2904 1434 2975 Erganzung
1537 2908 1693 2963 dales
1736 2907 1877 2962 Just.
1929 2913 2011 2961 12.
2062 2914 2110 2964 7.
2155 2914 2212 2962 9:
2286 2908 2441 2978 Lage
2486 2909 2659 2963 unbe-

314 2992 426 3033 von
460 2993 520 3031 eo
554 2976 845 3045 unnothig.
1536 2978 1739 3045 kannt3
1776 2976 2068 3033 vielleicht
2101 2977 2381 3035 identisch
2417 2978 2524 3034 mit
2560 2978 2660 3035 der

391 3052 473 3101 16.
503 3048 884 3116 praesidem
918 3048 1128 3113 deum,
1164 3045 1271 3103 wie
1299 3052 1351 3102 3.
1381 3052 1431 3101 8.
1540 3048 1659 3103 Arr.
1699 3055 1749 3103 4.
1788 3054 1874 3103 24.
1917 3055 1944 3103 1
1998 3050 2319 3105 erwahnten
2358 3049 2523 3105 Stadt
2557 3050 2661 3105 der

315 3124 410 3199 22,
447 3124 728 3174 4.13.13
766 3136 819 3173 u.
859 3122 916 3174 δ
1539 3119 1780 3190 Aspasii.
1819 3150 1890 3160 —-
1925 3120 2232 3175 Acadira
2267 3146 2336 3166 ει
2368 3115 2662 3191 Ἀριγαῖον,

388 3195 471 3246 17.
527 3189 858 3256 omnibus,
907 3189 1182 3245 Neutrum
1231 3188 1333 3245 wie
1380 3194 1428 3243 4.
1540 3193 1660 3247 Arr.
1698 3196 1749 3247 4.
1788 3197 1874 3246 24.
1914 3197 1945 3245 6
1984 3194 2067 3261 (?).
2122 3223 2188 3231 —
2236 3208 2435 3261 aeque
2487 3198 2659 3248 usta.

311 3267 362 3317 3.
397 3266 466 3316 26
502 3261 772 3327 omnibus,
839 3261 946 3316 ‘wis
985 3291 1050 3301 —
1089 3276 1120 3315 ο
1124 3276 1167 3329 p
1178 3266 1435 3315 eratum
1540 3263 1760 3318 Vorher
1794 3261 1869 3317 ist
1903 3278 2035 3317 vom
2070 3262 2528 3318 Niederbrennen
2564 3262 2663 3319 der

310 3334 583 3398 habuit«,-
634 3332 749 3401 vgl.
843 3330 1272 3387 onstruktionen
1327 3331 1432 3385 wie
1543 3332 1709 3388 Stadt
1750 3332 1909 3387 nicht
1953 3332 2044 3387 die
2088 3332 2269 3400 Reda,
2326 3335 2447 3390 also
2463 3350 2663 3417 aeque

313 3421 504 3459 arcum
536 3406 832 3469 intentum,
863 3418 1006 3458 vta-es
1033 3406 1290 3471 paratas,
1325 3403 1426 3457 mi·
1538 3424 1565 3460 s
1567 3403 1858 3473 prachlich
1903 3404 2064 3458 nicht
2107 3404 2439 3488 berechtigt
2458 3404 2520 3459 in
2556 3405 2661 3460 Βε-

314 3475 434 3528 lites
457 3476 728 3545 arpo-sitos
753 3475 964 3541 habere,
1000 3489 1071 3528 er
1106 3472 1284 3527 hielt
1310 3472 1428 3527 das
1538 3475 1779 3545 ziehung
1824 3473 1929 3529 auf
1965 3474 2129 3530 beide
2175 3473 2505 3545 Partimpia·
2562 3475 2662 3531 der
2720 3507 2727 3515 ,

315 3544 488 3599 Heer
549 3545 687 3600 fest
747 3543 860 3599 bei
911 3563 967 3600 u.
1016 3561 1059 3599 s.
1107 3561 1200 3612 w„
1263 3543 1431 3599 liess
1541 3492 1944 3601 Schriftsteller
1987 3546 2115 3601 holt
2156 3546 2280 3601 hier
2322 3548 2495 3616 nach,
2542 3563 2661 3601 was

317 3615 569 3685 opfern.
648 3615 883 3685 Operari
917 3616 1016 3671 deo
1051 3630 1169 3669 war
1203 3616 1245 3669 t.
1283 3618 1324 3670 t.
1363 3640 1430 3661 εε-
1538 3633 1600 3672 ει·
1651 3617 1856 3672 vorher
1910 3616 2308 3672 ausdrucklich
2366 3636 2434 3671 zu
2488 3632 2664 3687 sagon

313 3686 497 3741 einem
543 3685 712 3741 Gotte
751 3686 1152 3756 Verehrung
1196 3686 1431 3741 ervei·
1538 3688 1896 3743 verabsaumt
1928 3688 2046 3743 hat.

316 3773 461 3825 sen,
499 3756 757 3813 dienen.
1611 3765 1698 3814 22.
1730 3757 2038 3829 Choaspe.
2077 3758 2533 3813 EinNebenfluss
2558 3759 2659 3813 des

389 3834 472 3885 18.
519 3833 940 3884 revertentes.
1014 3829 1124 3882 Zur
1160 3827 1342 3883 Sache
1389 3846 1430 3883 s.
1541 3830 1774 3899 Cophen
1816 3832 1968 3893 nach
2011 3830 2191 3885 strab.
2244 3835 2326 3884 15.
2374 3835 2504 3898 697,
2560 3846 2660 3885 an-

311 3906 365 3955 9.
414 3904 499 3955 10.
545 3904 616 3953 24
660 3902 766 3955 etc.
820 3930 891 3939 —
945 3900 1123 3955 inter
1175 3914 1295 3954 ora
1344 3898 1434 3955 fiir
1540 3900 1771 3955 lautend
1822 3917 1897 3955 an
1941 3900 2049 3956 den
2093 3900 2460 3955 Flussnamen
2490 3871 2663 3970 Χόης

313 3976 440 4026 ante
475 3972 680 4038 oculos,
715 3972 780 4025 in
815 3987 930 4038 ore,
969 3971 1142 4025 oculis
1179 3970 1266 4025 od.
1308 3974 1436 4026 ante
1538 3972 1635 4026 bei
1668 3974 1789 4027 Arr.
1818 3978 1869 4026 4
1899 3977 1982 4029 23.
2048 3972 2211 4027 Nach
2227 3973 2359 4025 Arr.
2386 3977 2437 4026 4.
2467 3976 2535 4025 25
2566 3986 2661 4041 ge·

313 4042 492 4097 oculos
529 4047 580 4097 et
623 4058 724 4097 ora
763 4042 836 4111 (V
837 4058 952 4112 erg.
990 4041 1125 4097 Aen.
1165 4048 1249 4096 11.
1287 4042 1432 4111 887).
1539 4044 1733 4113 langte
1770 4041 1927 4098 Alex.
1963 4044 2110 4099 nach
2148 4043 2276 4098 dem
2310 4042 2391 4097 im
2423 4042 2661 4128 Folgen-

311 4113 534 4183 Analog
568 4113 646 4167 ist
676 4115 821 4169 inter
853 4128 1054 4169 manus
1089 4130 1136 4169 c.
1165 4115 1350 4183 genet.
1379 4118 1430 4167 4.
1540 4113 1650 4169 den
1699 4114 2023 4169 erwahnten
2066 4112 2333 4185 Mazagae
2380 4139 2448 4160 ===
2494 4109 2659 4168 Μάσ-

318 4188 399 4237 10.
432 4190 524 4266 19,
561 4184 728 4255 Vei-g.
757 4185 894 4240 Aen.
927 4190 976 4240 2.
1009 4188 1130 4239 681.
1202 4183 1279 4238 Es
1309 4183 1433 4239 sind
1539 4203 1687 4255 σανα
1714 4184 2081 4240 unmittelbar
2105 4187 2253 4240 nach
2268 4184 2661 4241 Ueberschrei-

314 4254 450 4309 zwei
496 4256 945 4325 Auschauungen
994 4256 1140 4309 inter
1181 4256 1433 4324 (medios)
1538 4259 1681 4325 tung
1736 4255 1888 4310 eines
1937 4255 2160 4311 Flusses
2207 4256 2459 4312 Guraeus
2506 4256 2581 4327 (d.
2619 4256 2659 4313 i.

313 4324 484 4379 hostes
529 4326 644 4380 und
688 4331 815 4381 ante
859 4326 1042 4381 oculos
1087 4330 1138 4379 et
1173 4342 1275 4381 ora
1309 4342 1429 4381 ver·
1543 4327 1665 4382 ‘der
1700 4327 1861 4382 Fluss
1898 4326 1999 4382 der
2034 4327 2305 4397 Guraei’).
2344 4359 2404 4369 -
2440 4329 2515 4385 in
2551 4328 2662 4385 ob-

2128 4417 2235 4473 10*
