3069 4749
826 173 1329 226 HISTORIARUM
1364 172 1787 225 ALEXANDM
1822 167 1916 238 IV,
1956 176 2039 225 14.
2082 175 2166 225 15.
2531 169 2660 235 165

298 337 477 400 lerat
520 333 1017 400 Parmenionem
1030 385 1047 416 ,
1095 334 1207 419 qui
1250 334 1321 398 in
1364 333 1552 400 laevo
1599 336 1766 398 erat:
1820 354 2095 418 propere
2139 331 2341 417 igitur
2383 331 2659 417 Polyda-

302 427 535 490 manta
576 423 786 487 mittit
830 423 943 508 qui
988 427 1055 488 et
1097 423 1457 506 periculum
1505 422 1874 488 ostenderet
1907 427 1991 504 et,
2027 421 2182 506 quid
2218 422 2360 486 fieri
2405 422 2661 487 iuberet

303 533 434 595 rw,
483 511 865 577 consuleret.
955 510 1075 576 Ille
1122 510 1346 576 audito
1384 511 1872 596 Polydamante,
1909 510 2081 594 ‘Abi,
2115 508 2392 594 nuntia',
2427 510 2658 596 inquit,
2698 522 2728 572 7

307 601 771 684 eParmenioni,
818 601 876 665 si
922 601 1061 665 acie
1105 600 1477 683 vicerimuS,
1520 621 1656 666 non
1700 602 1930 665 nostra
1976 601 2188 664 solum
2233 620 2352 664 nos
2399 620 2658 683 recupe-

305 693 587 772 raturos,
634 689 746 754 sed
794 689 994 754 etiam
1007 737 1023 767 ,
1070 709 1237 774 quae
1281 689 1571 754 hostium
1619 692 1800 773 sunt,
1845 691 2290 772 occupaturos.
2378 687 2659 754 Proinde
2697 698 2730 749 8

305 800 440 845 non
488 782 614 860 est,
659 777 833 862 quod
878 779 1225 864 quicquam
1268 777 1505 843 virium
1545 776 1864 842 subducat
1907 798 1985 841 ex
2031 777 2195 862 acie,
2241 776 2377 855 sed,
2437 779 2514 841 ut
2556 797 2660 842 me

310 870 377 932 et
433 866 738 951 Philippo
792 870 980 950 patre
1034 867 1305 952 dignum
1358 871 1485 950 est,
1541 868 1918 951 contempto
1969 866 2368 931 sarcinarum
2423 865 2660 931 damno

308 955 569 1022 fortiter
630 953 936 1021 dimicet'.
1037 954 1309 1022 Interim
1382 955 1648 1020 barbari
1719 953 2166 1039 inpedimenta
2237 955 2662 1020 turbaverant
2698 963 2730 1014 9

311 1044 645 1130 caesisque
690 1045 1017 1129 plerisque
1062 1044 1401 1110 custodum
1446 1044 1694 1130 captivi
1739 1043 2014 1108 vinculis
2059 1044 2270 1128 ruptis
2284 1093 2302 1128 ,
2349 1042 2660 1128 quidquid

310 1133 578 1198 obvium
614 1137 774 1214 erat,
811 1154 939 1217 quo
978 1134 1221 1198 armari
1255 1136 1548 1219 possent,
1575 1132 1897 1217 arripiunt
1924 1136 1992 1197 et
2026 1132 2368 1218 adgregati
2395 1153 2660 1198 suorum

310 1221 641 1307 equitibus
712 1220 1103 1288 Macedonas
1178 1222 1451 1307 ancipiti
1532 1222 2008 1304 circumventos
2079 1222 2256 1287 malo
2326 1221 2659 1287 invadunt.

308 1308 522 1394 Laeti,
581 1310 693 1395 qui
752 1311 923 1376 circa
986 1309 1411 1396 Sisigambim
1469 1315 1686 1396 erant,
1741 1310 1974 1376 vicisse
2031 1308 2344 1395 Dareum,
2409 1310 2662 1396 ingenti
2700 1320 2766 1371 10

312 1399 509 1464 caede
554 1401 923 1484 prostratos
958 1399 1203 1485 hostes,
1241 1401 1327 1465 ad
1362 1400 1666 1466 ultimum
1703 1401 1903 1465 etiam
1938 1398 2395 1484 inpedimentis
2434 1401 2661 1465 exutos

308 1509 449 1552 esse
493 1488 821 1572 nuntiant,
867 1489 1111 1574 quippe
1156 1489 1430 1554 eandem
1473 1489 1809 1554 fortunam
1852 1488 2092 1573 ubique
2131 1509 2276 1554 esse
2313 1487 2662 1554 credebant

308 1580 376 1642 et
421 1575 698 1642 victores
744 1576 979 1643 Persas
1025 1578 1108 1643 ad
1151 1578 1463 1663 praedam
1498 1577 1896 1643 discurrisse.
1970 1575 2358 1664 Sisigambis
2392 1577 2656 1643 hortan-
2697 1589 2761 1638 11

306 1664 489 1730 tibus
537 1665 832 1751 captivis,
874 1669 953 1731 ut
996 1667 1289 1735 animum
1326 1690 1365 1731 a
1402 1688 1696 1732 maerore
1741 1666 2091 1749 adlevaret,
2135 1667 2204 1731 in
2249 1665 2493 1749 eodem,
2531 1687 2660 1751 quo

309 1757 503 1818 antea
559 1753 715 1838 fuit,
768 1756 1231 1839 perseveravit.
1320 1755 1475 1822 Non
1527 1777 1658 1821 vox
1705 1755 1842 1820 ulla
1895 1754 2132 1822 excidit
2187 1756 2275 1835 ei,
2332 1776 2472 1820 non
2527 1754 2660 1820 oris

308 1843 488 1908 color
514 1844 812 1908 vultusve
848 1847 1139 1909 mutatus
1177 1849 1307 1910 est:
1354 1844 1524 1910 sedit
1560 1844 1912 1928 inmobilis,
1950 1879 2023 1890 —-
2071 1844 2276 1923 credo,
2312 1843 2660 1929 praecoqui

307 1930 546 2016 gaudio
591 1932 797 1997 verita
840 1932 1111 1998 inritare
1155 1935 1523 2019 fortunam,
1572 1969 1650 1980 -
1703 1933 1864 1998 adeo
1909 1937 2010 2015 ut,
2056 1933 2210 2016 quid
2254 1932 2508 2016 mallet,
2561 1931 2659 1995 in-

304 2019 644 2085 tuentibus
690 2042 835 2086 eam
879 2022 1079 2087 fuerit
1114 2023 1454 2088 incertum.
1524 2021 1710 2086 Inter
1745 2022 1906 2088 haec
1944 2021 2258 2099 Menidas,
2295 2019 2656 2105 praefectus
2697 2032 2764 2081 12

308 2109 609 2192 equitum
644 2109 1027 2196 Alexandri,
1087 2133 1235 2176 eum
1280 2111 1505 2196 paucis
1550 2111 1784 2176 turmis
1830 2132 2020 2195 opem
2063 2070 2524 2195 inpedimentis
2567 2109 2661 2174 la-

305 2200 493 2262 turus
532 2197 885 2263 advenerat
914 2235 991 2248 -
1024 2199 1345 2266 incertum
1383 2221 1584 2265 suone
1623 2200 1894 2266 consilio
1932 2221 2019 2264 an
2055 2199 2230 2285 regis
2266 2198 2542 2283 imperio
2573 2235 2659 2246 —

306 2286 419 2350 sed
464 2307 599 2350 non
644 2287 955 2353 sustinuit
1002 2286 1431 2354 Cadusiorum
1479 2287 1992 2373 Scytharumque
2036 2289 2372 2393 impetum,
2417 2287 2658 2372 quippe

304 2373 417 2439 vix
460 2379 783 2460 temptato
832 2379 1185 2443 certamine
1231 2378 1479 2464 refugit
1524 2379 1607 2444 ad
1652 2399 1877 2463 regem
1893 2429 1911 2462 ,
1968 2378 2356 2444 amissorum
2409 2376 2657 2462 inpedi-

304 2468 675 2530 mentorum
712 2465 900 2530 testis
936 2469 1151 2552 magis
1188 2490 1385 2553 quam
1422 2467 1675 2533 vindex.
1738 2467 1882 2533 Iam
1919 2467 2264 2533 consilium
2291 2465 2652 2533 Alexandri
2693 2479 2758 2527 13

306 2552 493 2619 dolor
534 2554 803 2619 vicerat:
850 2557 947 2635 et,
993 2576 1077 2621 ne
1124 2577 1279 2623 cura
1332 2556 1758 2641 recuperandi
1815 2577 1934 2621 sua
1987 2556 2266 2622 militem
2319 2577 2360 2620 a
2411 2555 2662 2639 proelio

308 2645 646 2725 averteret,
690 2663 826 2709 non
872 2644 1181 2711 inmerito
1226 2646 1591 2711 verebatur.
1678 2645 1911 2730 Itaque
1956 2644 2220 2727 Areten,
2267 2645 2496 2709 ducem
2541 2645 2657 2708 ha—

307 2733 629 2795 statorum
661 2768 737 2777 —
772 2731 1264 2837 sarissophoros
1302 2735 1629 2799 vocabant
1661 2770 1737 2781 -
1773 2733 2080 2797 adversus
2120 2730 2392 2815 Scythas
2429 2732 2656 2797 mittit.

195 2832 282 2899 57
306 2816 487 2883 Inter
530 2820 690 2885 haec
736 2842 980 2901 currus,
1025 2823 1136 2907 qui
1182 2822 1353 2888 circa
1390 2824 1582 2908 signa
1618 2822 1828 2907 prima
1862 2822 2289 2886 turbaverant
2325 2820 2550 2905 aciem,
2586 2820 2655 2885 in
2695 2832 2762 2881 14

284 2907 697 2991 phalangem
760 2908 999 2975 invecti
1065 2915 1269 2976 erant.
1370 2911 1759 2977 Macedones
1823 2910 2224 2976 confirmatis
2289 2909 2524 2973 animis
2585 2908 2655 2973 in

376 3175 423 3223 9.
465 3174 831 3229 custodum.
906 3160 1058 3229 Uber
1092 3174 1201 3230 den
1238 3177 1425 3245 genet.
1533 3176 1632 3229 ten
1670 3173 1729 3228 in
1767 3172 1903 3228 sich.
1977 3170 2106 3242 Vgl.
2143 3171 2515 3297 &gedinam-ata
2561 3187 2654 3242 op-

302 3258 345 3295 s.
383 3241 449 3296 Ε.
487 3246 572 3297 86.
1525 3246 1853 3317 primere5
1823 3250 1987 3311 520.
2053 3272 2121 3284 —
2245 3243 2652 3299 adusiorum.

375 3335 456 3384 10.
497 3332 613 3400 qui
647 3332 836 3389 circa
863 3332 922 3388 S
952 3338 1147 3388 erant
1180 3334 1291 3390 wie
1324 3351 1426 3389 un.
1533 3315 1699 3370 Aueh
1725 3316 1872 3369 nach
1886 3314 2131 3369 Diodors
2151 3313 2478 3368 Schilderun
2537 3330 2656 3369 war

299 3401 399 3456 ten
438 3407 506 3456 26
542 3403 659 3457 und
708 3409 790 3459 10.
831 3409 901 3459 25
944 3404 1045 3475 qui
1089 3406 1240 3461 circa
1283 3406 1426 3475 reqi·
1534 3389 1636 3442 dffl‘
1671 3384 1799 3456 AnP
1801 3385 1910 3441 ΜΠ
1948 3383 2130 3440 dieser
2173 3383 2380 3439 helffen
2415 3385 2501 3440 VO

298 3487 433 3525 mm
468 3478 641 3527 gram
714 3473 823 3529 Die
858 3474 1231 3557 gesangenen
1324 3476 1425 3529 mi.
1536 3404 1799 3513 sebasten
1831 3456 1922 3511 ffir
1967 3456 2059 3511 die
2105 3454 2465 3512 Macedonier
2509 3473 2654 3527 ganz

300 3541 473 3597 sehon
499 3541 841 3601 Ffirstinnen
858 3492 1157 3601 befanden
1186 3544 1265 3603 310
1345 3545 1427 3601 im
1532 3526 1838 3584 besonders
1878 3526 2352 3596 verbangnisvoll.
2420 3526 2474 3584 S.
2512 3528 2654 3583 uber

299 3611 639 3685 Standlager
667 3616 765 3670 der
784 3615 1159 3685 Macedonier,
1188 3634 1234 3671 s.
1267 3622 1349 3671 12.
1372 3624 1423 3675 2.
1534 3598 1822 3655 ffiesssslben
1887 3598 2034 3653 Oben
2099 3604 2182 3656 14·
2222 3604 2271 3652 3·
2327 3629 2400 3640 --
2462 3614 2654 3669 quam

296 3713 368 3725 ....
425 3685 585 3755 »μω-9
592 3702 671 3741 ue
724 3686 869 3743 ohne
922 3659 1160 3744 relative}
1214 3688 1425 3759 Stffize
1530 3671 1793 3727 vindex.
1829 3657 2157 3725 Ubersetze·
2187 3670 2272 3723 als
2301 3668 2424 3726 dass
2444 3686 2505 3724 er
2522 3670 2652 3725 den-

298 3770 343 3811 s.
381 3754 445 3810 E.
486 3703 585 3813 65α
610 3757 835 3813 Ebenso
870 3760 1055 3813 unte„
1075 3765 1105 3825 ς
1137 3764 1203 3815 19
1233 3778 1286 3814 u
1316 3776 1421 3815 απ
1534 3741 1731 3797 selben
1769 3740 1901 3809 (den
1927 3739 2180 3809 Vei-lust)
2207 3741 2446 3812 geracht
2470 3739 2648 3795 hatte.

372 3832 455 3880 11.
511 3830 587 3883 in
651 3830 894 3898 eodem,
947 3830 1117 3885 naml.
1164 3846 1423 3887 mamere.
1606 3834 1690 3883 18.
1747 3830 1969 3895 dolor;
2026 3829 2210 3900 ,Sinnz
2277 3830 2376 3885 der
2437 3826 2652 3882 Unmut

296 3881 605 3954 A'hnliches
631 3871 913 3955 berichtet
938 3916 1051 3956 von
1077 3900 1168 3955 ihr
1193 3900 1421 3957 Diodor.
1530 3899 1795 3955 hiertiber
1848 3900 2028 3971 siegte
2083 3900 2222 3955 uber
2278 3900 2469 3955 seinen
2510 3897 2650 3953 Vor-

296 3996 365 4093 ἶ·
440 3972 793 4096 οἱαίεεῗοὲἧίς
820 3972 921 4027 der
947 3971 1106 4027 bildl.
1127 3972 1425 4029 Gebraueh
1530 3972 1742 4105 33:³⁹3?
1746 3972 2513 4113 ‘agqfdogspdlgffasmtomm’
2552 3969 2651 4024 der

368 4134 454 4182 12.
496 4128 845 4199 Μεηίᾶαες
870 4130 1077 4186 ebenso
1106 4133 1229 4186 Arr.
1258 4136 1417 4188 3.13.
1601 4137 1686 4186 14.
1723 4133 1784 4187 si
1835 4149 1923 4187 na
1955 4133 2179 4200 prima
2211 4129 2364 4185 kann
2393 4127 2516 4183 sich
2542 4143 2650 4184 nur

297 4227 367 4238 -—
420 4200 927 4271 inpedimentis,
997 4202 1149 4256 ‘dem
1202 4201 1419 4257 Train'.
1527 4202 1632 4257 auf
1663 4202 1754 4257 die
1791 4148 2039 4257 feichten
2074 4203 2267 4271 Trupp
2269 4217 2337 4255 en
2383 4214 2503 4254 vor
2549 4200 2650 4256 der

296 4266 412 4322 Das
438 4271 605 4326 Wort
638 4272 885 4341 begreift
918 4272 1064 4328 auch
1100 4273 1191 4327 die
1219 4270 1419 4327 Bedie
1524 4272 1706 4328 Front
1740 4272 2134 4328 ’9981911911-
2169 4273 2647 4343 turbaverant,

298 4354 503 4409 11111139-
532 4340 649 4396 und
676 4342 1419 4414 Bewachungsmannschaf-
1526 4343 1637 4399 mit
1671 4345 1860 4413 Bezug
1896 4344 1996 4399 auf
2028 4348 2058 4409 5
2095 4349 2145 4399 3.
2471 4378 2488 4389 -
