3069 4749
440 176 570 241 132
1157 147 1163 155 ’
1345 176 1412 239 Q.
1449 175 1670 226 GURTI
1706 174 1880 225 RUFI

437 339 610 405 rium
653 336 1126 423 perfringebat:
1181 334 1500 422 multique
1545 335 2053 401 vulnerabantur
2096 334 2365 419 inpune,
2421 356 2570 401 cum
2615 337 2790 403 idem

334 448 402 497 10
440 427 826 513 recipiendis
874 426 988 511 qui
1033 425 1448 491 admovendis
1493 424 1783 489 turribus
1829 424 2019 489 labor
2064 445 2174 489 eos
2218 423 2541 506 fatigaret.
2606 426 2787 513 Ergo

439 516 727 601 receptui
775 516 964 601 signo
1012 514 1164 579 dato
1219 518 1480 617 postero
1527 514 1629 578 die
1678 502 1900 580 188168
1942 534 2184 579 corona
2230 512 2614 579 circumdari
2656 515 2791 581 188-

441 606 544 671 sit.
608 604 896 689 Ortoque
935 604 1090 688 sole,
1133 603 1514 688 priusquam
1552 601 1925 669 admoveret
1961 603 2331 687 exercitum,
2366 622 2557 687 opem
2596 604 2791 669 deum

332 712 397 763 11
439 716 790 778 exposcens
849 714 1104 759 sacrum
1157 692 1370 776 patrio
1423 713 1604 756 more
1658 691 1961 757 faciebat.
2048 690 2246 755 Forte
2301 693 2787 775 praetervolans

439 805 672 849 corvus
731 782 1019 867 glebam,
1075 802 1269 865 quam
1325 780 1657 866 unguibus
1712 779 1990 865 ferebat,
2047 780 2263 845 subito
2320 780 2565 845 amisit:
2622 803 2787 867 quae

437 894 585 937 0818
632 872 806 955 regis
854 870 1056 954 capiti
1099 869 1462 953 incidisset,
1515 869 1805 935 resoluta
1850 868 2143 953 defluxit,
2190 868 2339 951 ipsa
2382 873 2601 935 autem
2646 870 2786 936 avis

437 959 506 1026 in
550 961 850 1045 proxima
893 961 1072 1024 turre
1117 957 1428 1024 consedit.
1481 958 1685 1023 Inlita
1730 960 1873 1023 erat
1928 956 2129 1023 turris
2174 957 2495 1023 bitumine
2544 980 2619 1023 ac
2657 959 2785 1024 sul·

435 1050 672 1134 phure,
727 1050 797 1113 in
853 1071 982 1134 qua
1036 1048 1156 1112 alis
1200 1047 1621 1113 haerentibus
1676 1047 1918 1112 frustra
1972 1069 2039 1111 88
2088 1046 2385 1111 adlevare
2432 1051 2701 1113 conatus
2748 1070 2789 1113 a

439 1138 1010 1204 circumstantibus
1058 1136 1328 1220 capitur.
1412 1134 1631 1219 Digna
1676 1158 1779 1200 res
1825 1136 1984 1219 visa,
2030 1135 2109 1199 de
2156 1156 2285 1219 qua
2329 1138 2512 1201 vates
2559 1157 2787 1202 consu-

333 1244 401 1297 12
440 1227 621 1311 leret,
667 1230 742 1292 ut
787 1229 928 1291 8181,
969 1247 1102 1291 808
1144 1226 1434 1290 intactae
1479 1246 1522 1289 a
1567 1224 2031 1309 superstitione
2075 1224 2335 1289 mentis.
2415 1224 2595 1309 Ergo
2639 1224 2787 1289 Ari-

439 1276 732 1401 stander,
787 1316 891 1380 cui
935 1314 1222 1381 maxima
1275 1312 1434 1379 fides
1480 1313 1875 1379 habebatur:
1930 1312 2109 1378 urbis
2158 1312 2417 1398 quidem
2464 1314 2787 1383 excidium

440 1406 711 1490 augurio
756 1404 872 1469 illo
920 1402 1245 1487 portendi,
1302 1406 1590 1468 ceterum
1634 1402 1992 1487 periculum
2039 1423 2208 1487 8888,
2262 1424 2346 1467 88
2391 1423 2503 1467 rex
2548 1404 2784 1467 vulnus

437 1495 774 1578 acciperet.
877 1492 1109 1578 Itaque
1171 1492 1458 1577 monuit,
1529 1513 1613 1555 ne
1677 1492 1835 1576 quid
1897 1512 1975 1557 80
2040 1490 2143 1555 (118
2214 1490 2543 1574 inciperet.
2646 1491 2788 1574 Ille,

331 1600 400 1651 13
438 1604 832 1668 quamquam
885 1602 1084 1645 unam
1137 1581 1368 1645 urbem
1421 1580 1575 1664 sibi,
1638 1602 1767 1666 quo
1822 1580 2039 1645 minus
2094 1600 2357 1645 securus
2412 1578 2789 1665 Aegyptum

317 1736 327 1757 ,
434 1672 736 1755 intraret,
794 1671 1056 1746 obstare
1113 1690 1306 1754 aegre
1351 1669 1631 1754 ferebat,
1675 1675 1901 1735 tamen
1950 1670 2172 1753 paruit
2214 1669 2354 1735 vati
2398 1667 2786 1771 signumque

285 1758 323 1825 ...s
434 1760 726 1845 receptui
771 1759 966 1825 dedit.
1052 1758 1227 1823 Hinc
1271 1758 1530 1824 animus
1575 1719 1781 1824 cievit
1825 1758 2129 1843 obsessis,
2178 1758 2550 1845 egressique
2596 1763 2787 1843 porta
2806 1764 2897 1829 27

271 1852 274 1855 ’
433 1849 886 1915 recedentibus
1011 1847 1229 1913 ferunt
1283 1848 1476 1932 signa
1527 1848 2009 1914 cunctationem
2063 1848 2353 1913 hostium
2406 1870 2590 1913 suam
2645 1850 2787 1914 fore

435 1939 843 2003 occasionem
888 1938 1033 2002 rati.
1128 1934 1253 2001 Sed
1301 1936 1512 2001 acrius
1567 1959 1763 2021 quam
1817 1937 2222 2003 constantius
2272 1938 2587 2022 proelium
2632 1938 2789 2003 1818·

331 2046 399 2097 14
435 2030 614 2091 runt:
675 2026 914 2111 quippe
968 2029 1042 2089 ut
1085 2024 1512 2091 Macedonum
1568 2026 1755 2111 signa
1809 2026 2164 2111 circumagi
2216 2025 2463 2111 videre,
2520 2030 2785 2111 repente

435 2116 678 2181 sistunt
723 2114 1012 2200 gradum.
1102 2112 1371 2198 Iamque
1429 2114 1512 2179 ad
1566 2135 1786 2199 regem
1838 2114 2299 2198 proeliantium
2352 2116 2599 2181 clamor
2642 2138 2786 2200 per·

435 2207 724 2289 venerat,
769 2225 916 2269 cum
963 2203 1327 2267 denuntiati
1371 2202 1645 2287 periculi
1690 2203 1866 2268 baud
1910 2226 2064 2269 sane
2112 2226 2361 2269 memor
2397 2242 2485 2253 —-
2516 2205 2785 2271 loricam

433 2295 684 2378 tamen,
741 2313 938 2377 quam
983 2312 1135 2356 raro
1181 2290 1518 2376 induebat,
1573 2292 1798 2357 amicis
1858 2293 2193 2359 orantibus
2244 2293 2524 2378 sumpsit
2574 2330 2649 2341 —-
2700 2292 2784 2359 ad

432 2382 646 2466 prima
708 2383 894 2466 813118
955 2381 1268 2464 pervenit.
1358 2379 1500 2457 Quo
1557 2385 1903 2466 conspecto
1961 2383 2175 2448 Arabs
2232 2383 2522 2468 quidam,
2586 2382 2784 2448 Darei

330 2489 397 2540 15
435 2470 642 2556 miles,
684 2471 896 2535 maius
941 2468 1206 2534 fortuna
1251 2491 1368 2535 sua
1403 2469 1659 2536 facinus
1698 2493 1911 2556 ausus,
1957 2472 2251 2556 gladium
2300 2472 2509 2556 clipeo
2553 2475 2784 2558 tegens

434 2560 622 2644 quasi
665 2559 1012 2644 transfuga
1054 2559 1328 2643 genibus
1373 2559 1551 2661 18318
1598 2559 1982 2626 advolvitur.
2070 2559 2189 2625 Ille
2238 2561 2586 2646 adsurgere
2632 2583 2785 2645 sup·-

432 2649 670 2749 plicem
707 2648 1038 2732 recipique
1073 2649 1248 2713 inter
1293 2669 1444 2712 8808
1493 2647 1700 2712 iussit.
1761 2647 1853 2712 At
1899 2648 2213 2714 barbarus
2260 2649 2475 2732 gladio
2523 2654 2783 2714 strenue

329 2755 396 2808 16
433 2736 504 2801 in
548 2737 840 2802 dextram
886 2737 1210 2802 translato
1257 2737 1571 2801 cervicem
1616 2736 1891 2822 adpetiit
1942 2738 2143 2823 regis:
2199 2737 2309 2823 qui
2364 2739 2599 2824 exigua
2642 2759 2781 2804 cor·

429 2825 612 2910 poris
651 2823 1083 2891 declinatione
1121 2825 1364 2890 evitato
1399 2825 1583 2889 ictu
1564 2847 1632 2890 111
1660 2848 1899 2890 vanum
1928 2849 2195 2891 manum
2226 2827 2488 2891 barbari
2528 2827 2781 2910 lapsam

434 2918 736 2998 amputat
779 2913 1022 3000 gladio,
1067 2913 1450 2979 denuntiato
1495 2915 1568 2978 in
1611 2914 1799 2979 illum
1847 2914 2017 2979 diem
2054 2916 2359 3000 periculo,
2396 2919 2471 2980 ut
2508 2914 2782 2980 arbitra-

426 3141 904 3211 perfrinqebat
950 3140 1003 3196 d.
1048 3139 1087 3194 i.
1132 3137 1408 3195 bewirkte
1454 3141 1555 3196 das
1737 3146 1821 3195 13.
1884 3156 2069 3196 suam
2123 3141 2177 3194 (1.
2223 3142 2261 3196 1.
2318 3142 2426 3196 fur
2470 3140 2571 3197 sie
2614 3145 2779 3212 gun-

433 3211 1006 3266 Zusammensturzen.
1042 3208 1298 3265 Genauer
1323 3211 1444 3268 Liv.
1466 3217 1555 3266 32.
1662 3211 1818 3281 stig.
1894 3211 1969 3268 So
2015 3210 2204 3268 Plane.
2251 3212 2312 3267 111
2354 3212 2467 3268 Cic.
2515 3230 2644 3282 epp.
2694 3218 2779 3269 10.

433 3287 642 3337 17.16
685 3287 810 3338 rota
852 3299 972 3338 wna
1024 3282 1248 3350 (mv-⁸⁰8)
1299 3283 1557 3350 depressa
1661 3288 1713 3336 4.
1752 3287 1787 3335 4
1830 3298 1991 3338 suam
2026 3280 2230 3350 putent
2274 3286 2623 3340 occasionem.
2696 3283 2781 3336 Im

430 3353 516 3408 ita
567 3353 772 3408 turrim
828 3353 1154 3419 inclinavit,
1209 3357 1274 3407 ut
1325 3353 1555 3422 speciem
1662 3354 2237 3424 entgegengesetzten
2276 3353 2444 3410 Sinne
2472 3352 2591 3410 Liv.
2620 3360 2673 3410 2.
2692 3360 2782 3410 23.

430 3425 644 3478 ruentis
662 3424 1010 3494 praebuerit.
1662 3428 1696 3478 ὅ
1732 3425 1925 3495 iniquo
1960 3441 2060 3480 suo
2094 3431 2342 3495 tempore.

504 3501 589 3549 10.
627 3500 899 3564 ortoque
932 3494 1071 3549 sole
1105 3493 1213 3549 wie
1249 3501 1300 3548 4.
1340 3499 1390 3549 ὅ.
1735 3537 1819 3586 14
1878 3547 2034 3586 cum
2099 3531 2205 3590 Die
2240 3532 2411 3588 pol-m
2449 3532 2547 3587 des
2585 3531 2781 3587 gvj-,zen

429 3567 945 3695 .2313631551‘11‘3231
979 3552 1346 3691 ,ἮἮἮἮἮ
1361 3565 1554 3691 ἮἮἮ
1659 3600 2783 3756 111111ἓξ.ξ·1311·81ς.·ξ.11

428 3707 548 3762 fich
575 3709 806 3777 defluere
833 3724 966 3778 equo
997 3725 1128 3764 vom
1151 3707 1551 3776 abglffltenden
1657 3742 2035 3798 bestimmend
2078 3743 2486 3800 einwirkendes
2522 3742 2781 3814 Ereignis

427 3777 624 3835 38113θῖ
673 3786 720 3835 7·
771 3785 817 3834 7·
865 3785 934 3834 36
982 3797 1036 3834 ¹²·
1087 3779 1180 3834 bei
1223 3777 1432 3833 Luam
1481 3809 1549 3819 -
1658 3811 1852 3883 folgen
1889 3815 2091 3885 werde,
2129 3816 2399 3871 wahl-end
2426 3833 2531 3870 nur
2559 3815 2650 3870 ein
2678 3833 2779 3868 un·

429 3848 1551 4005 818888111111118
1656 3887 2087 4014 ww
2162 3873 2783 4028 mm

503 3998 588 4046 12.
654 4011 692 4046 a
734 3994 1222 4061 superstitione
1269 4009 1312 4046 s.
1357 3991 1420 4046 Ε.
1460 3997 1549 4046 39.

430 4064 944 4119 -Aristander
979 4079 1021 4118 s.
1062 4063 1283 4117 oben2.
1315 4067 1400 4118 14.
1443 4061 1549 4117 Die
1657 4031 1709 4081 8·
1750 4031 1833 4080 10
1875 4032 1957 4082 10·

425 4133 758 4204 Wendungs
783 4135 918 4202 fides
944 4134 1190 4188 maxima
1205 4133 1551 4188 habetwrhat
1730 4120 1817 4170 1⁵
1879 4117 2165 4183 fortuna
2198 4133 2325 4172 wa
2362 4143 2430 4164 ===
2460 4132 2631 4188 quam
2672 4131 2781 4186 pro

429 4203 488 4259 C.
547 4205 692 4259 auch
747 4211 794 4260 7.
844 4211 893 4259 ὅ.
931 4210 1034 4269 21·
1090 4203 1319 4257 8111111011
1375 4205 1551 4258 unten
1654 4187 1887 4254 fffl‘tm
1921 4203 2042 4244 Wa-
2118 4188 2621 4258 Vgl·10·10·14·

430 4279 464 4338 ξ
499 4279 566 4329 31
604 4277 805 4330 minor·
823 4277 958 4343 fides
991 4275 1306 4330 habebatur.
1382 4274 1546 4330 Nach
1731 4281 1819 4330 16.
1891 4277 1964 4330 in
2008 4291 2275 4344 vanum,
2333 4277 2424 4330 ‘in
2478 4275 2573 4332 (118
2627 4277 2777 4332 18818

428 4361 554 4414 erqo
591 4350 826 4415 erganze
861 4347 1024 4404 dixit.
1656 4345 1833 4401 Luft’.
1904 4333 2057 4404 liber
2110 4346 2203 4402 die
2256 4317 2547 4404 inversion
2610 4365 2655 4406 s.
2710 4347 2776 4402 Ε.
