3069 4749
874 145 1386 202 HISTORIARUM
1423 146 1856 201 ALEXANDRI
1894 146 1990 216 VI,
2028 152 2078 201 9.
2570 144 2658 209 39

190 312 279 377 35
299 312 470 377 Tum
506 310 819 375 Philotan
866 310 1159 393 religatis
1203 313 1355 392 post
1400 312 1656 393 tergum
1693 309 1994 375 manibus
2032 309 2327 374 obsoleto
2377 307 2656 373 amiculo
2693 329 2763 378 25

299 402 590 469 velatum
627 399 822 463 iussit
856 398 1096 463 induci.
1167 396 1388 461 Facile
1425 398 1810 481 adparebat,
1855 401 2068 463 motos
2107 419 2250 463 esse
2285 402 2424 461 tam
2469 397 2659 461 mise·

298 490 495 557 rabili
548 488 781 552 habitu
833 508 967 551 non
1013 486 1151 551 sine
1206 486 1451 551 invidia
1504 486 1702 570 paulo
1761 491 1912 551 ante
1965 487 2320 570 conspecti.
2409 484 2657 551 Ducem
2697 507 2765 555 26

301 580 629 665 equitatus
684 576 893 660 pridie
949 575 1272 659 viderant,
1332 575 1624 640 sciebant
1676 576 1848 660 regis
1901 575 2275 639 interfuisse
2329 574 2654 640 convivio:

298 670 567 753 repente
611 686 689 730 ne
740 686 927 729 reum
970 663 1254 749 quidem,
1310 663 1421 728 sed
1474 663 1608 728 iam
1663 663 2067 748 damnatum,
2122 665 2322 729 immo
2367 664 2659 728 vinctum

299 757 740 821 intuebantur.
823 751 1101 817 Subibat
1146 754 1397 817 animos
1443 750 1891 817 Parmenionis
1929 773 2210 837 quoque,
2252 752 2421 817 tanti
2461 752 2660 835 ducis,
2696 773 2764 821 27

300 848 438 910 tam
492 842 652 909 clari
706 842 891 920 civis,
945 841 1236 925 fortuna,
1292 841 1401 925 qui
1460 841 1654 906 modo
1709 842 1960 907 duobus
2008 842 2186 924 filiis,
2246 840 2528 906 Hectore
2584 862 2661 905 ac

300 933 653 1015 Nicanore,
710 931 981 995 orbatus
1036 950 1182 995 cum
1232 950 1333 1013 e0,
1389 950 1582 1014 quem
1635 930 1962 1015 reliquum
2007 930 2344 995 calamitas
2400 930 2662 1012 fecerat,

302 1023 535 1087 absens
590 1020 833 1085 diceret
886 1040 1168 1083 causam.
1257 1018 1489 1102 Itaque
1536 1018 1887 1102 Amyntas,
1941 1018 2160 1102 regius
2216 1024 2506 1101 praetor,
2563 1019 2658 1083 in·
2696 1038 2766 1089 28

300 1110 653 1176 clinantem
709 1108 789 1172 ad
834 1107 1347 1174 misericordiam
1400 1107 1772 1173 contionem
1826 1128 2052 1173 rursus
2107 1129 2338 1191 aspera
2391 1108 2462 1171 in
2508 1107 2660 1171 Phi-

302 1199 488 1264 lotan
526 1197 819 1262 oratione
853 1196 1235 1261 commovit:
1280 1196 1573 1279 proditos
1619 1218 1728 1260 eos
1769 1218 1911 1261 esse
1955 1195 2285 1279 barbarie,
2329 1196 2658 1261 neminem

302 1288 385 1351 ad
432 1287 772 1369 coniugem
810 1306 995 1349 suam
1030 1284 1101 1349 in
1145 1284 1426 1367 patriam
1468 1287 1533 1348 et
1569 1284 1653 1349 ad
1689 1290 1990 1368 parentes
2038 1283 2238 1349 fuisse
2274 1284 2656 1349 rediturum:

297 1376 481 1440 velut
522 1378 823 1440 truncum
859 1394 1095 1457 corpus
1140 1372 1405 1456 dempto
1448 1373 1662 1457 capite
1709 1374 1844 1438 sine
1893 1373 2154 1456 spiritu,
2203 1374 2343 1438 sine
2388 1374 2656 1439 nomine

298 1464 515 1529 aliena
558 1466 734 1527 terra
788 1461 1141 1526 ludibrium
1184 1461 1397 1527 hostis
1442 1461 1719 1526 futuros.
1808 1460 2332 1547 Haudquaquam
2375 1484 2496 1547 pro
2543 1484 2656 1545 spe
2693 1482 2764 1531 29

298 1553 505 1636 ipsius
552 1550 879 1636 Amyntae
926 1550 1139 1616 oratio
1196 1554 1389 1633 grata
1430 1551 1573 1635 regi
1629 1550 1780 1634 fuit,
1837 1550 2008 1634 quod
2055 1550 2430 1635 coniugum,
2487 1551 2660 1635 quod

300 1641 556 1724 patriae
592 1640 960 1704 admonitos
997 1639 1317 1722 pigriores
1348 1638 1432 1703 ad
1460 1644 1678 1704 cetera
1713 1640 1937 1704 munia
1967 1640 2342 1724 exequenda
2375 1639 2660 1704 fecisset.

190 1732 279 1797 36
300 1729 469 1793 Tum
514 1727 798 1813 Coenus,
852 1749 1245 1812 quamquam
1290 1726 1596 1793 Philotae
1641 1749 1928 1793 sororem
1975 1728 2392 1793 matrimonio
2441 1749 2660 1793 secum
2696 1750 2769 1799 30

298 1819 745 1898 coniunxerat,
780 1820 1009 1882 tamen
1036 1816 1245 1881 acrius
1286 1839 1483 1901 quam
1520 1817 1861 1902 quisquam
1899 1818 1968 1881 in
1994 1816 2327 1881 Philotam
2363 1818 2658 1882 invectus

298 1910 423 1988 est,
460 1906 853 1991 parricidam
889 1926 1029 1971 esse
1066 1906 1270 1989 regis,
1306 1905 1586 1989 patriae,
1625 1905 1942 1970 exercitus
1983 1906 2356 1971 clamitans:
2399 1928 2656 1971 saxum-
2693 1927 2764 1976 31

297 2016 450 2080 que,
496 1995 669 2078 quod
705 1994 879 2060 forte
916 1998 1068 2059 ante
1105 1994 1299 2078 pedes
1337 1995 1622 2077 iacebat,
1669 1995 1944 2078 arripuit
1981 1994 2336 2059 emissurus
2383 1995 2451 2059 in
2489 2016 2655 2078 eum,

298 2087 375 2148 ut
408 2083 703 2169 plerique
739 2082 1173 2162 crediderunt,
1218 2082 1568 2147 tormentis
1605 2082 1984 2148 subtrahere
2024 2083 2308 2168 cupiens.
2381 2081 2507 2152 Sed
2544 2105 2658 2148 rex

190 2252 195 2257 θ
299 2194 565 2237 manum
602 2172 737 2237 eius
773 2172 1086 2255 inhibuit,
1123 2171 1433 2237 dicendae
1468 2172 1652 2256 prius
1679 2193 1912 2237 causae
1944 2172 2174 2237 debere
2201 2173 2344 2236 fieri
2369 2177 2657 2256 potesta-

296 2263 430 2325 tem
471 2282 581 2325 reo
618 2281 736 2325 nec
774 2260 963 2325 aliter
998 2259 1269 2325 iudicari
1309 2282 1654 2344 passurum
1692 2282 1762 2325 se
1801 2261 2169 2326 adfirmans.
2239 2262 2406 2325 Tum
2443 2262 2655 2326 dicere
2693 2282 2764 2332 32

295 2349 511 2415 iussus
556 2348 881 2433 Philotas,
938 2349 1071 2415 sive
1128 2349 1529 2415 conscientia
1585 2348 1848 2416 sceleris
1895 2351 2027 2416 sive
2082 2349 2352 2435 periculi
2405 2351 2657 2436 mag-ni-

296 2439 519 2503 tudine
577 2459 803 2504 amens
856 2443 927 2502 et
980 2439 1327 2522 attonitus,
1379 2461 1514 2504 non
1570 2439 1870 2504 attollere
1917 2440 2168 2524 oculos,
2225 2461 2359 2506 non
2404 2440 2656 2506 hiscere

296 2528 595 2592 audebat.
702 2527 1017 2593 Lacrimis
1090 2527 1321 2592 deinde
1384 2527 1800 2592 manantibus
1883 2529 2215 2613 linquente
2287 2530 2506 2595 animo
2582 2530 2648 2594 in
2690 2551 2759 2599 33

300 2637 477 2700 eum,
548 2637 587 2680 a
641 2638 767 2700 quo
826 2617 1199 2699 tenebatur,
1262 2615 1587 2681 incubuit:
1661 2618 2102 2701 abstersisque
2169 2619 2450 2683 amiculo
2517 2618 2654 2682 eius

300 2703 505 2769 oculis
540 2706 861 2789 paulatim
898 2704 1211 2789 recipiens
1252 2703 1560 2787 spiritum
1597 2727 1672 2771 ac
1706 2725 1932 2770 vocem
1969 2705 2258 2770 dicturus
2296 2707 2654 2772 videbatur.

296 2790 565 2877 Iamque
601 2814 713 2858 rex
759 2794 1018 2858 intuens
1056 2814 1232 2876 eum,
1279 2791 1733 2876 ‘Macedones',
1777 2787 2016 2877 inq‘uit,
2065 2792 2166 2857 ‘de
2201 2797 2271 2858 te
2308 2795 2655 2859 iudicaturi
2681 2816 2764 2865 -34

370 3041 455 3090 25.
502 3039 792 3092 velatum
845 3039 953 3093 wie
1010 3045 1060 3094 8.
1118 3043 1185 3092 22
1242 3038 1421 3107 capite
1527 3039 1736 3107 req-iam
1771 3039 2106 3092 inclinavere
2137 3039 2338 3093 studiis
2371 3043 2452 3092 10.
2487 3044 2533 3092 7.
2569 3043 2653 3092 12.

297 3107 489 3162 velato.
1528 3139 1597 3148 —
1643 3124 1774 3175 eos,
1837 3105 1986 3162 κατὰ
2039 3103 2295 3178 σύνεσιν,
2360 3108 2657 3179 bezflglich

369 3183 455 3232 26.
518 3195 597 3233 ne
656 3195 837 3234 reum
908 3180 1200 3248 quidem,
1272 3179 1419 3234 nahe
1527 3181 1630 3234 auf
1678 3180 1995 3234 contionem.
2048 3209 2114 3220 --
2165 3182 2310 3235 sine
2360 3182 2657 3250 spiritu,

294 3249 775 3305 herankommend
802 3268 875 3305 an
904 3266 1037 3305 non·
1056 3252 1215 3306 modo
1249 3267 1419 3317 reum,
1523 3252 1673 3305 eine
1725 3252 2004 3306 nomine.
2099 3249 2360 3306 Gemeint
2422 3252 2502 3306 ist
2555 3250 2657 3306 der

294 3319 543 3374 insofem
607 3321 743 3375 aber
803 3321 928 3376 hier
988 3321 1417 3392 sinngemussen

296 3391 381 3446 als
428 3391 518 3444 ein
570 3392 931 3447 damnatus
979 3390 1112 3445 kein
1158 3391 1415 3461 (blosser)

294 3477 448 3516 reus
504 3462 667 3517 mehr
712 3463 812 3529 ist,
868 3463 969 3517 der
1018 3464 1423 3533 ungfinstigere

293 3531 419 3586 Fau
465 3535 635 3588 somit
677 3533 837 3588 nicht
878 3533 1061 3588 neben
1108 3535 1237 3588 dem
1360 3551 1422 3588 n-

296 3603 560 3672 stigeren,
581 3604 823 3658 sondern
842 3621 913 3658 an
934 3603 1110 3659 Stelle
1129 3605 1287 3658 desse
1313 3604 1423 3660 ben

293 3672 552 3744 vorliegt.
628 3674 757 3743 Vgl.
806 3693 875 3730 ne
910 3717 922 3729 .
965 3717 977 3730 .
1016 3677 1231 3746 quidem
1279 3680 1327 3730 8.
1371 3681 1418 3731 1.

295 3748 392 3811 443
430 3743 543 3799 Cic.
583 3745 729 3799 Phil.
772 3752 854 3800 13.
890 3753 979 3801 43.

365 3820 453 3869 27.
480 3817 782 3884 subibat,
807 3816 1192 3885 beschlich‚
1220 3817 1418 3872 fiber-

292 3885 446 3940 kam
501 3886 609 3941 wie
666 3893 715 3940 3.
768 3893 818 3942 2.
866 3895 960 3956 193
1017 3892 1067 3942 5.
1113 3895 1163 3942 4.
1215 3894 1299 3944 11.
1348 3919 1415 3929 -

293 3956 585 4012 Hectore
621 3973 662 4010 s.
694 3963 744 4013 4.
783 3963 833 4014 8.
873 3965 931 4024 ’ῖς
966 3959 1249 4034 Nicanore
1284 3977 1327 4014 s.
1366 3965 1414 4013 6.

296 4032 345 4082 6.
396 4032 479 4082 18.
527 4057 596 4068 --
642 4030 895 4084 diceret
938 4047 1233 4096 cansam,
1278 4029 1417 4098 hier,

293 4096 401 4152 wie
447 4099 533 4153 oft
576 4115 699 4165 av„
746 4117 855 4154 nur
906 4101 1083 4156 soviel
1139 4101 1270 4155 wie:
1328 4115 1415 4155 ac-

295 4175 518 4224 cusatus
574 4175 719 4225 esset.
812 4172 1029 4226 Anders
1084 4175 1114 4237 5
1151 4175 1219 4225 31
1266 4189 1321 4226 u.
1368 4177 1415 4227 7.

363 4313 450 4364 28.
477 4312 955 4379 inclinantem,
981 4312 1090 4367 wie
1110 4314 1177 4368 in
1192 4315 1417 4382 stirpem

1525 3321 1896 3392 Heldengeist
1919 3340 1974 3378 u.
1995 3321 2380 3378 Heldenname
2409 3323 2654 3378 Alexan-

1525 3391 1668 3446 ders.
1716 3423 1784 3434 —
1831 3393 2108 3460 futuros
2161 3409 2237 3447 sc.
2293 3393 2490 3461 fuisse,
2545 3394 2654 3448 wie

1529 3464 1732 3518 vorher
1794 3465 1967 3530 fuisse
2020 3465 2331 3520 reditun-nm
2384 3465 2654 3535 (namlich

1528 3536 1645 3589 nisi
1659 3533 1942 3674 >Philotae
1975 3537 2288 3592 conimatio
2323 3537 2654 3606 deprehensa

1528 3610 1660 3660 esset
1688 3649 1700 3661 .

1600 3681 1686 3730 29.
1707 3676 2006 3745 fecisset,
2023 3679 2172 3732 nach
2193 3677 2291 3733 des
2308 3677 2522 3748 Konigs
2539 3679 2652 3732 An·

1528 3745 1701 3816 sicht,
1740 3746 1916 3802 daher
1954 3747 2055 3803 der
2089 3749 2232 3818 conj.

1599 3825 1684 3873 30.
1722 3820 2208 3884 coniunxerat,
2245 3820 2348 3874 wie
2386 3824 2468 3873 10.
2500 3825 2550 3873 3.
2584 3826 2648 3873 11

1523 3891 1877 3945 matrimonio
1911 3892 2096 3945 iunxi.

1597 3965 1682 4015 31.
1705 3962 2100 4027 emissurus,
2123 3960 2334 4014 ‘indem
2353 3959 2652 4016 erMiene

1525 4031 1798 4086 machte
1834 4049 1903 4086 zu
1939 4031 2320 4098 schleudern’3
2369 4047 2552 4098 genau
2588 4048 2652 4087 so

1522 4102 1770 4156 vincturi
1826 4108 1874 4157 5.
1933 4107 1981 4158 9.
2041 4107 2136 4168 1ος
2198 4102 2450 4156 dicturus
2505 4102 2652 4158 oben

1597 4247 1684 4300 33.
1758 4245 2103 4312 linquente
2173 4244 2413 4298 anima.
2517 4244 2651 4314 Vgl.

1524 4315 1710 4384 linqwi
1743 4316 1929 4370 anieno
1964 4320 2018 4368 4.
2058 4320 2108 4369 6.
2147 4320 2233 4368 20.
