3069 4749
427 154 555 221 126

1333 157 1395 219 Q.
1435 156 1658 207 GURTI
1692 156 1869 207 RUFI

421 316 493 381 in
551 319 762 381 turres
819 316 1110 381 hostium
1171 314 1460 381 desertas
1519 319 1887 381 evaserant:
1942 337 2089 380 cum
2144 316 2353 401 Tyrii,
2414 319 2518 381 tot
2580 318 2777 383 simul

421 404 612 471 malis
658 404 840 486 vieti,
900 404 1016 469 alii
1071 405 1398 489 supplices
1455 405 1524 469 in
1578 406 1828 487 templa
1883 404 2291 489 confugiunt,
2346 405 2461 470 alii
2518 404 2777 473 foribus

421 495 686 561 aedium
735 493 1054 558 obseratis
1099 496 1420 577 occupant
1463 493 1739 558 liberum
1785 494 2013 558 mortis
2060 494 2433 577 arbitrium,
2478 496 2777 561 nonnulli

422 588 623 649 ruunt
649 583 719 647 in
743 582 1004 647 hostem
1031 582 1206 647 haud
1233 582 1426 648 inulti
1463 585 1687 647 tamen
1721 583 2014 666 perituri,
2050 604 2291 667 magna
2326 576 2481 666 pars
2518 604 2777 648 summa

420 676 741 739 tectorum
789 671 1160 755 obtinebat,
1206 692 1366 735 saxa
1411 674 1504 753 et,
1550 671 1859 754 quidquid
1898 670 2159 736 sorsin
2211 693 2443 736 manus
2490 672 2775 757 dederat,

317 776 384 825 13
422 762 788 847 ingerentes
855 760 1296 825 subeuntibus.
1395 758 1770 824 Alexander
1832 760 2149 845 exeeptis,
2214 760 2326 844 qui
2394 761 2465 825 in
2526 762 2777 843 templa

317 864 387 913 14
424 850 879 935 confugerant,
925 870 1148 913 omnes
1189 848 1474 913 interfici
1515 848 1867 933 ignemque
1912 848 2100 913 tectis
2145 849 2302 913 inici
2358 849 2559 914 iubet.
2646 848 2775 915 His

421 961 538 1023 per
583 958 936 1021 praecones
981 937 1426 1022 pronuntiatis
1471 958 1663 1001 nemo
1720 940 1941 1002 tamen
1995 940 2285 1002 armatus
2346 959 2538 1021 opem
2584 961 2625 1002 a
2670 938 2773 1003 dis

423 1031 640 1111 petere
679 1026 1006 1091 sustinuit.
1060 1026 1254 1091 Pueri
1291 1026 1705 1111 virginesque
1738 1025 1986 1109 templa
2021 1026 2505 1109 conpleverant,
2543 1027 2663 1091 viri
2700 1028 2775 1091 in

423 1115 747 1183 vestibulo
795 1136 1056 1179 suarum
1104 1115 1380 1199 quisque
1422 1115 1680 1179 aedium
1727 1115 2007 1198 stabant,
2054 1118 2289 1198 parata
2335 1115 2775 1181 saevientibus

319 1221 385 1271 15
423 1205 638 1271 turba.
708 1202 932 1269 Multis
968 1206 1190 1269 tamen
1229 1203 1428 1268 saluti
1462 1204 1643 1269 fuere
1683 1201 1951 1282 Sidonii,
1988 1206 2101 1287 qui
2134 1202 2311 1267 intra
2344 1203 2775 1269 Macedonum
2804 1256 2808 1261 .

422 1292 748 1378 praesidia
793 1296 996 1357 erant.

1085 1290 1176 1356 Hi
1220 1293 1450 1357 urbem
1495 1292 1756 1377 quidem
1801 1293 1973 1357 inter
2016 1293 2295 1357 victores
2350 1293 2773 1375 intraverant,

425 1382 539 1447 sed
569 1381 976 1467 cognationis
1005 1402 1153 1446 eum
1190 1380 1405 1465 Tyriis
1436 1402 1755 1446 memores
1790 1416 1867 1427 ·-
1899 1380 2137 1464 quippe
2173 1384 2514 1466 utramque
2542 1382 2773 1446 urbem

423 1470 801 1557 Agenorem
866 1470 1236 1535 condidisse
1299 1469 1650 1535 credebant
1706 1506 1793 1517 —-
1854 1471 2099 1535 multos
2164 1469 2537 1554 Tyriorum,
2603 1471 2773 1534 clam

421 1562 859 1645 protegentes,
903 1558 986 1623 ad
1033 1580 1152 1623 sua
1198 1558 1551 1641 perduxere
1584 1558 1869 1643 navigia,
1906 1558 2145 1641 quibus
2182 1560 2493 1624 occultati
2531 1556 2775 1623 Sidona

424 1648 678 1715 devecti
736 1652 908 1713 sunt.

1012 1664 1110 1711 xv
1172 1647 1356 1711 milia
1417 1648 1542 1712 hoc
1603 1648 1777 1712 furto
1844 1648 2163 1713 subducta
2228 1648 2535 1713 saevitiae
2600 1650 2771 1712 sunt.

321 1755 388 1804 16
426 1736 879 1821 Quantumque
928 1736 1264 1820 sanguinis
1309 1736 1530 1800 fusum
1578 1737 1681 1820 sit,
1726 1737 1832 1801 vel
1870 1740 1949 1800 011
1984 1736 2109 1801 1100
2156 1736 2489 1801 aestimari
2534 1739 2771 1819 potest,

424 1826 595 1910 quod
632 1826 806 1891 intra
841 1824 1245 1889 munimenta
1272 1826 1451 1889 urbis
1479 1843 1556 1889 VI
1583 1824 1768 1890 milia
1806 1828 2203 1890 armatorum
2240 1824 2561 1890 trucidata
2598 1826 2773 1890 sunt.

319 1932 386 1981 1'1
425 1914 642 1980 Triste
691 1912 920 1979 deinde
959 1913 1396 1997 spectaculum
1434 1914 1789 1979 victoribus
1824 1913 1923 1978 ira
1957 1913 2258 1997 praebuit
2293 1914 2482 1999 regis.
2555 1932 2611 1977 11
2657 1914 2772 1977 mi·

422 2003 529 2084 lia,
573 2003 647 2067 in
692 2003 931 2087 quibus
979 2002 1346 2067 occidendis
1393 2001 1720 2067 defecerat
1763 2003 2007 2084 rabieS,
2061 2002 2353 2067 crucibus
2400 2002 2594 2066 adfixi
2654 2023 2773 2085 per

318 2108 385 2158 18
422 2093 656 2176 ingens
701 2092 920 2156 litoris
966 2091 1251 2174 spatium
1297 2092 1764 2176 pependerunt.

318 2378 384 2427 19

1856 2087 2497 2175 Carthaginiensium
2533 2090 2771 2175 legatis

420 2180 708 2265 pepercit
767 2179 990 2243 addita
1043 2178 1545 2244 denuntiatione
1595 2179 1780 2264 belli,
1836 2179 2009 2264 quod
2064 2178 2505 2263 praesentium
2559 2200 2772 2243 rerum

423 2269 780 2333 necessitas
826 2271 1210 2332 moraretur.

600 2356 810 2442 'Pyros
858 2356 1134 2440 septimo
1179 2379 1421 2438 mense,
1466 2380 1663 2443 quam
1701 2356 2064 2442 oppugnari
2109 2359 2341 2439 coepta
2377 2359 2541 2440 erat,
2579 2359 2771 2440 capta
2789 2356 2878 2422 20

423 2451 542 2532 est,
585 2447 745 2512 urbs
790 2450 856 2511 et
902 2449 1230 2511 vetustate
1277 2447 1550 2532 originis
1597 2451 1661 2513 et
1708 2447 1936 2512 crebra
1979 2447 2283 2510 fortunae
2326 2446 2641 2510 varietate
2687 2445 2771 2510 ad

422 2536 803 2600 memoriam
841 2535 1246 2619 posteritatis
1281 2536 1578 2621 insignis.
1652 2534 1933 2601 Condita
1970 2535 2053 2600 ab
2090 2537 2393 2618 Agenore
2430 2534 2541 2599 diu
2574 2556 2773 2618 mare,

419 2645 554 2690 non
598 2625 886 2690 vicinum
933 2625 1147 2708 modo,
1193 2625 1306 2690 ned
1353 2625 1799 2710 quodcumque
1844 2625 2088 2689 classes
2136 2624 2274 2687 eius
2320 2623 2636 2707 adierunt,
2682 2623 2773 2686 di-

422 2712 628 2779 cionis
677 2735 830 2778 suae
875 2713 1049 2781 fecit.
1119 2713 1228 2794 Et,
1265 2713 1323 2778 si
1357 2715 1573 2778 famae
1610 2714 1775 2779 libet
1811 2712 2089 2793 eredere,
2122 2712 2284 2777 haec
2320 2732 2480 2796 gens
2518 2711 2773 2776 litteras

495 2983 579 3031 12.
601 2979 948 3044 occupant.
979 2973 1140 3030 Sinn:
1163 2974 1244 3030 sie
1263 2974 1543 3030 benutzen

420 3048 568 3102 noch
605 3048 665 3101 in
699 3046 825 3100 Eile
863 3046 953 3100 die
989 3045 1253 3112 Freiheit‚
1291 3045 1414 3101 sich
1448 3045 1543 3100 die

421 3117 696 3172 Todesart
732 3116 908 3171 selbst
936 3117 1160 3171 wahlen
1197 3134 1263 3170 zu
1301 3117 1542 3172 konnen.

331 3183 335 3190 ’
421 3175 667 3242 Ᾰ111111011
723 3192 773 3242 5.
815 3192 864 3241 6.
905 3193 935 3241 ‘1
991 3193 1263 3256 occupant
1307 3187 1545 3242 hostium

420 3275 620 3314 maenus
653 3259 976 3314 volumtaria
1010 3263 1192 3312 morte.
1240 3257 1542 3327 Vgl.·'1'ae.

421 3345 550 3384 ann.
573 3334 657 3383 11.
687 3335 720 3383 3
758 3331 988 3386 liberum
1023 3330 1212 3384 mortis
1247 3329 1545 3384 arbitriwm

422 3400 760 3468 eipermisit.
780 3431 847 3441 —
873 3401 1056 3454 haud
1082 3400 1298 3454 inulti
1323 3405 1544 3455 tamen

422 3470 476 3523 d.
504 3470 542 3524 i.
580 3487 677 3524 um
711 3471 1133 3541 wenigstens
1170 3469 1330 3526 nieht
1364 3487 1542 3541 unge-

419 3540 584 3595 racht
619 3559 687 3596 zu
723 3541 961 3597 sterben.

497 3634 582 3685 13.
609 3631 682 3684 in
719 3631 984 3699 templa,
1012 3623 1201 3685 zumal'
1221 3629 1282 3684 in
1311 3631 1420 3685 den
1443 3630 1541 3686 des

420 3699 696 3756 Herakles
769 3699 1108 3771 (Melkarth).
1209 3703 1276 3756 In
1347 3700 1542 3757 diesen

419 3772 582 3828 hatte
619 3770 739 3827 sich
784 3773 929 3828 nach
974 3772 1175 3827 Arr'ian
1211 3791 1265 3827 u.
1305 3790 1356 3827 a.
1393 3774 1541 3828 auch

421 3843 524 3898 der
549 3843 736 3914 Konig
759 3859 870 3898 von
898 3841 1074 3912 'I'yrus
1101 3843 1414 3898 Azemileus
1443 3860 1540 3913 ge-

419 3914 674 3984 flfiehtet‚
712 3914 1070 3984 desgleichen
1113 3914 1205 3969 die
1255 3913 1541 3985 carthagi-

422 3987 595 4042 sehen
631 3984 950 4041 Gesandten
985 3984 1055 4054 (3.
1097 3986 1204 4054 19).

497 4079 581 4130 14.
641 4079 918 4144 parata,
973 4073 1078 4129 wie
1136 4075 1281 4129 acies
1325 4079 1541 4143 parata

419 4147 543 4200 neci
558 4146 652 4202 bei
669 4145 882 4216 Vergil.
930 4133 1082 4198 Uber
1107 4145 1406 4200 sustineo
1433 4145 1543 4199 mit

420 4216 572 4270 infin.
613 4237 655 4271 s.
694 4217 758 4272 E.
799 4221 918 4271 118.

496 4326 580 4402 15.
618 4322 806 4378 intra
832 4322 1194 4392 praesidia
1226 4338 1385 4391 esse,
1421 4324 1466 4376 t.
1494 4323 1539 4377 t.

1648 2975 1740 3028 fur
1794 2975 1887 3029 die
1942 2975 2248 3030 amiliares
2310 2973 2391 3029 im
2452 2973 2773 3029 romischen

1650 3046 1847 3101 Heere.
1886 3077 1953 3086 —
1990 3047 2271 3114 devecti,
2310 3046 2516 3114 spater,
2554 3046 2639 3101 als
2678 3044 2771 3099 die

1650 3117 1839 3172 Flotte
1875 3115 2245 3171 heimkehrte.

1725 3193 1810 3242 17.
1873 3188 1947 3242 in
2004 3187 2262 3256 quibus.
2326 3186 2505 3242 Nioht
2554 3185 2771 3240 anahn-

1650 3257 1771 3312 lich
1820 3257 1899 3312 ist
1950 3256 2253 3328 bezfiglieh
2300 3257 2398 3312 des
2446 3257 2773 3332 Gebraucbs

1652 3329 1753 3383 der
1787 3327 2142 3399 Praposition
2176 3331 2242 3384 in
2267 3346 2316 3398 q.
2347 3335 2397 3384 3.
2436 3334 2487 3384 4.
2529 3333 2611 3382 10.
2652 3327 2769 3381 Das

1649 3400 1897 3470 Partizip
1944 3401 2253 3456 occidendis
2296 3398 2374 3454 ist
2410 3424 2478 3446 =
2514 3415 2637 3454 eum
2682 3413 2768 3452 oc·-

1649 3472 1868 3527 eidendi
1912 3477 2084 3527 essent
2127 3472 2180 3526 d.
2216 3470 2255 3526 i.
2292 3471 2379 3525 als
2425 3487 2499 3525 an
2546 3469 2627 3525 sie
2673 3467 2768 3523 die

1648 3541 1827 3598 Reihe
1845 3543 1945 3597 der
1962 3542 2396 3612 Hinmetzelung
2412 3541 2562 3597 kam.
2592 3527 2769 3594 Uber·

1648 3616 1799 3668 setze
1844 3613 1976 3668 frei:
2035 3613 2270 3668 ‘welche
2325 3613 2417 3667 die
2462 3611 2769 3682 gesattigte

1646 3684 1927 3739 Mordlust
2041 3684 2357 3770 (vorlaufig)
2466 3682 2770 3738 verschont

1646 3755 1851 3811 hatte'.
1923 3756 2168 3822 Deficere
2194 3780 2265 3800 ==
2299 3761 2588 3823 απειπεῖν,
2624 3752 2770 3819 defe-

1645 3827 1781 3881 cisse
1832 3851 1902 3872 ==
1954 3823 2329 3894 ἀπειρηκέναι
2380 3825 2569 3880 haben
2621 3823 2771 3878 auch

1647 3895 1737 3950 die
1766 3896 2083 3965 Klassiker;
2120 3897 2177 3952 C.
2210 3896 2447 3950 braucht
2472 3897 2573 3951 das
2600 3895 2771 3949 Wort

1646 3966 1893 4022 vielfach
1922 3985 2001 4022 so.
2030 3999 2098 4008 -·
2127 3969 2362 4034 affixi.
2401 3965 2615 4021 Diodor
2650 3965 2769 4020 und

1646 4037 1837 4093 Justin
1862 4038 2157 4093 berichten
2183 4035 2454 4106 dasselbe²
2489 4024 2639 4092 Uber
2667 4037 2768 4090 ad-

1644 4109 1750 4177 11ωὸ
1784 4109 1875 4162 fur
1910 4109 2103 4176 adfioea
2140 4128 2181 4164 s.
2220 4109 2283 4162 E.
2322 4113 2410 4163 68.

1721 4184 1802 4236 19.
1852 4181 2129 4250 septimo
2174 4195 2411 4245 mense,
2456 4177 2615 4232 Ende
2649 4174 2767 4229 Juli

1650 4257 1769 4307 332.
1800 4283 1868 4292 -
1897 4253 2154 4320 crebra,
2184 4251 2297 4321 vgl.
2325 4250 2500 4304 multa
2525 4247 2769 4302 varietas

1648 4321 1761 4378 Cic.
1780 4342 1835 4392 p.
1854 4324 2022 4380 Areh.
2042 4329 2129 4378 21.
2151 4351 2219 4364 -
2246 4320 2570 4389 insiynis,
2600 4317 2767 4371 eben·
