3069 4749
745 131 1259 188 HISTORIARUM
1295 131 1727 187 ALEXANDRI
1766 130 1941 200 v1111,
1979 137 2027 187 5.
2069 139 2117 188 c.
2272 209 2281 218 ,
2492 129 2619 194 187
2692 111 2699 114 ’

1283 387 1445 456 Off.
1496 389 1606 456 VI.

147 511 248 578 23
446 509 584 574 Rex
631 525 730 573 v11
779 507 1002 572 diebus
1058 509 1282 571 curato
1337 507 1601 571 vulnere
1660 506 1939 570 necdum
1984 506 2263 572 obducta
2308 508 2624 592 cicatrice,
2665 517 2692 565 1

268 621 416 665 cum
471 597 760 663 audisset
814 595 1222 661 convaluisse
1280 594 1450 677 apud
1505 595 1823 659 barbaros
1879 595 2121 659 famam
2169 597 2399 661 mortis
2449 617 2624 677 suae,

268 687 518 752 duobus
565 685 848 771 navigiis
895 684 1133 749 iunctis
1181 682 1385 749 statui
1429 683 1501 747 in
1546 683 1829 748 medium
1875 683 2160 768 undique
2202 684 2624 768 conspicuum

266 774 759 841 tabernaculum
805 773 1024 856 iussit,
1071 794 1148 836 ex
1195 793 1322 857 quo
1369 793 1439 836 se
1482 771 1854 837 ostenderet
1898 771 2143 855 perisse
2181 773 2622 838 credentibus,

270 869 773 950 conspectusque
813 862 896 926 ab
934 861 1164 925 incolis
1204 881 1386 945 spem
1431 860 1723 925 hostium
1768 859 1939 924 falso
1976 861 2206 926 nuntio
2246 866 2624 946 conceptam

268 953 573 1018 inhibuit.
651 944 943 1016 Secundo
991 931 1224 1014 deinde
1271 971 1460 1014 amne
1506 947 1801 1032 defluxit,
1849 949 2257 1032 aliquantum
2295 951 2625 1015 intervalli
2662 962 2695 1009 2

268 1064 308 1105 a
363 1044 579 1105 cetera
635 1040 844 1106 classe
896 1038 1330 1123 praecipienS‚
1393 1059 1476 1102 ne
1534 1038 1717 1121 quies
1780 1036 2181 1121 perinvalido
2248 1037 2458 1103 adhuc
2516 1060 2624 1103 ne-

266 1130 550 1201 cessaria
593 1128 788 1212 pulsu
831 1149 1157 1192 remorum
1204 1126 1623 1210 inpediretur.

448 1216 722 1302 Quarto,
775 1219 1126 1301 postquam
1170 1215 1484 1299 navigare
1533 1217 1860 1298 coeperat,
1920 1214 2023 1280 die
2068 1215 2367 1298 pervenit
2412 1214 2483 1278 in
2528 1236 2628 1280 re·
2664 1229 2696 1275 3

264 1307 528 1390 gionem
567 1304 892 1369 desertam
929 1304 1190 1390 quidem
1230 1304 1310 1368 ab
1351 1303 1613 1382 incolis,
1662 1304 1774 1369 sed
1814 1302 2142 1367 frumento
2184 1307 2249 1368 et
2283 1303 2626 1388 pecoribus

265 1394 720 1458 abundantem.
813 1391 1065 1458 Placuit
1120 1393 1178 1456 is
1235 1393 1415 1457 locus
1465 1395 1531 1457 et
1578 1391 1659 1456 ad
1704 1414 1889 1456 suam
1938 1395 2006 1455 et
2062 1391 2143 1456 ad
2195 1392 2477 1457 militum
2524 1414 2623 1456 re·

261 1482 496 1566 quiem.
569 1481 714 1546 Mos
764 1486 908 1546 erat
952 1480 1353 1565 principibus
1393 1481 1751 1545 amicorum
1798 1484 1863 1545 et
1910 1479 2289 1545 custodibus
2330 1481 2619 1564 corporis
2660 1494 2694 1542 4

262 1571 582 1636 excubare
639 1574 787 1634 ante
841 1569 1270 1653 praetorium,
1325 1569 1625 1653 quotiens
1674 1571 1945 1635 adversa
2001 1569 2141 1654 regi
2186 1569 2478 1635 valitudo
2525 1570 2622 1633 in-

263 1659 546 1722 cidisset.
645 1657 788 1722 Hoc
842 1661 985 1722 tum
1039 1679 1294 1742 quoque
1352 1679 1532 1723 more
1589 1663 1846 1723 servato
1906 1658 2195 1723 universi
2252 1658 2622 1724 cubiculum

263 1747 402 1810 eius
441 1747 706 1812 intrant.
776 1745 900 1810 Ille
937 1744 1285 1830 sollicitus,
1329 1768 1411 1810 ne
1449 1745 1608 1830 quid
1644 1748 1799 1812 novi
1837 1746 2193 1830 adferrent,
2233 1747 2385 1832 quia
2422 1746 2619 1812 simul
2657 1760 2689 1808 5

263 1839 604 1919 venerant,
665 1837 1112 1919 percontatur,
1174 1857 1332 1899 num
1392 1835 1685 1900 hostium
1748 1857 1979 1920 repens
2041 1836 2458 1901 nuntiaretur
2514 1835 2621 1900 ad·

150 1925 248 1990 24
267 1927 518 1988 ventus,
589 1923 682 1987 At
718 1920 1052 2006 Craterus,
1099 1923 1202 1987 cui
1239 1924 1621 1988 mandatum
1658 1929 1826 2010 erat,
1870 1928 1946 1989 ut
1992 1925 2351 1990 amicorum
2396 1945 2619 2008 preces
2660 1939 2692 1987 6

267 2011 585 2094 perferret
638 2012 720 2075 ad
766 2033 939 2092 eum,
994 1977 2030 2096 ε(3101110111οζ1111111115,(0111011111
2075 2014 2285 2098 magis
2302 2011 2646 2078 hostium

275 2135 352 2146 -—
402 2104 479 2164 ut
521 2100 654 2165 iam
706 2101 776 2164 in
832 2100 1005 2165 vallo
1053 2099 1484 2166 consisterent
1533 2137 1613 2148 —
1664 2101 1983 2166 sollicitos
2037 2123 2149 2167 nos
2206 2123 2373 2184 esse,
2430 2123 2625 2186 quam

268 2209 424 2253 cura
481 2188 711 2253 salutis
768 2187 947 2272 tuae,
1001 2191 1077 2254 ut
1129 2211 1305 2255 nunc
1363 2192 1490 2273 est,
1559 2189 1684 2254 tibi
1746 2190 1941 2254 vilis?
2041 2190 2469 2266 Quantalibet
2530 2189 2627 2254 vis
2670 2207 2699 2255 7

268 2277 560 2342 omnium
634 2277 930 2362 gentium
995 2279 1322 2362 conspiret
1394 2279 1464 2341 in
1527 2299 1676 2362 nos,
1748 2278 1998 2362 inpleat
2072 2279 2269 2344 armis
2339 2279 2628 2364 virisque

265 2368 482 2432 totum
543 2367 792 2451 orbem,
855 2366 1171 2433 classibus
1239 2367 1449 2433 maria
1505 2370 1901 2447 consternat,
1968 2367 2336 2433 invisitatas
2401 2367 2626 2433 beluas

265 2456 556 2521 inducat:
619 2459 696 2521 tu
757 2478 878 2521 nos
941 2457 1309 2540 praestabis
1373 2456 1675 2523 invictos.
1778 2454 1903 2522 Sed
1965 2458 2109 2542 quis
2170 2457 2437 2521 deorum
2502 2457 2627 2522 hoc
2664 2475 2695 2524 8

1502 2665 1807 2719 invalidi
1883 2665 2189 2734 corporis
2266 2666 2418 2734 pati
2497 2680 2631 2719 ‘non

697 2714 824 2770 On.
865 2717 959 2773 VI·
1495 2741 1789 2803 poterat.

347 2810 392 2857 l·
444 2803 574 2857 VII
614 2804 868 2886 ᾱῧθῦἲῦθ·
942 2804 1090 2859 ΡῙΠῩΞ·
1137 2823 1190 2893 ¹²:
1229 2805 1393 2862 DiOd·
1576 2830 1628 2878 4.
1658 2827 1811 2879 ante
1839 2825 2277 2895 praetorium.
2317 2824 2425 2877 Zur
2450 2823 2627 2878 Sache

267 2874 547 2943 spresshen
573 2874 942 2929 unbeflsslmmfi
968 2891 1081 2931 V0¹1
1116 2875 1397 2945 Ἷῧιῑῑὸθῐθῑ
1505 2912 1549 2949 s,
1588 2899 1637 2949 8.
1678 2900 1726 2949 6.
1767 2900 1851 2949 22.
1883 2927 1949 2936 —
1988 2898 2271 2951 intrant.
2337 2895 2471 2949 Man
2506 2912 2630 2950 ver-

270 2945 738 2999 Zest'··-8tatui
765 2946 838 3000 Μ
863 2948 1144 3001 medium
1168 2946 1395 3017 grimm
1503 2965 1668 3020 misst
1731 2966 1823 3020 ein
1885 2967 2225 3037 temporales
2289 2965 2631 3022 Adverbium

268 3012 356 3076 εἰς
391 3012 564 3084 μέσον
603 3016 890 3071 ἵστασθαι.
955 3016 1009 3073 8.
1043 3016 1189 3073 Ε1111.
1233 3017 1286 3073 8.
1326 3024 1394 3073 23
1503 3037 1611 3091 wie
1648 3038 1844 3092 gubito,
1917 3038 2045 3109 vgl,
2084 3037 2228 3092 EinL
2270 3041 2299 3103 ξ
2340 3041 2408 3091 52
2448 3055 2497 3093 a,

270 3085 713 3141 Α11111.1)111·011
778 3087 879 3142 das
939 3087 1236 3170 lilrrichten
1299 3090 1398 3145 des
1578 3130 1625 3180 5·
1672 3142 1863 3195 repens
1918 3126 2022 3181 wie
2083 3133 2164 3182 10
2212 3132 2261 3181 2
2319 3132 2383 3180 15
2440 3142 2632 3197 repens

235 3157 456 3211 ‘Zeltes
509 3157 776 3213 inmitten
827 3158 1028 3215 zweier
1073 3160 1396 3243 Fahrzeuge

269 3227 460 3283 wurde
489 3228 590 3284 das
610 3229 932 3286 Schaukeln
949 3230 1306 3287 vermindert.
1327 3262 1394 3271 —
1504 3198 1889 3253 cmematw·

263 3300 451 3365 falso
495 3302 744 3356 nuntio
790 3320 836 3356 g
883 3320 932 3357 v
973 3318 1023 3357 a
1070 3303 1146 3357 ad
1189 3302 1398 3368 fabum
1576 3290 1628 3337 6.
1665 3285 2005 3340 sollicitos
2040 3300 2206 3351 essen
2243 3300 2447 3341 esse=
2478 3282 2631 3341 εἶναι

268 3386 395 3424 eum
431 3372 708 3427 nuntium
1503 3350 1607 3423 ἄν,
1654 3354 1762 3409 wie
1800 3354 2090 3410 mehrfach
2127 3356 2220 3411 bei
2256 3355 2317 3411 0.
2352 3357 2524 3424 fuisse
2562 3382 2629 3403 --=

342 3446 394 3493 2.
430 3456 547 3496 sec
595 3460 646 3498 a
685 3443 1016 3509 deflwoeit
1063 3441 1171 3499 wie
1219 3450 1267 3497 3
1309 3449 1395 3497 24
1505 3426 1783 3493 γενέσθαι
1818 3420 1909 3481 ἄν.
1950 3457 2016 3466 -
2055 3432 2127 3480 ut
2162 3444 2339 3483 nunc
2383 3432 2477 3483 est
2523 3428 2631 3481 wie

271 3509 434 3563 Nach
469 3512 670 3567 Arx-ian
715 3529 833 3569 war
877 3512 1060 3568 dieser
1093 3513 1256 3569 Fluss
1298 3514 1398 3569 der
1506 3501 1555 3552 5·
1596 3496 1933 3562 5.10;h1er
1969 3496 2227 3551 zlemllch
2256 3516 2296 3554 Β·
2328 3518 2379 3555 V·
2409 3516 2458 3553 a·
2502 3498 2631 3553 ΜΘ

267 3578 590 3648 Hydraotes
657 3583 767 3652 (Hy
771 3584 943 3639 arctis
1007 3584 1100 3639 bei
1155 3583 1264 3653 C.‚)
1338 3585 1398 3639 in
1505 3566 1605 3620 del·
1641 3566 2035 3637 Augenaehflm
2070 3567 2265 3623 lehrss’·

269 3650 475 3705 dessen
533 3651 688 3707 Nahe
751 3654 899 3709 nach
961 3655 1080 3709 ihm
1146 3654 1236 3709 die
1291 3656 1394 3710 Be·
1580 3660 1627 3710 7.
1666 3656 1951 3710 ommium
1986 3656 2365 3726 yentiumd.
2387 3656 2423 3710 i.
2466 3656 2631 3711 ‘aller

271 3721 546 3791 lagei-ung
600 3723 699 3779 der
753 3724 919 3779 Stadt
971 3724 1071 3779 der
1122 3726 1282 3780 Malli
1329 3728 1393 3797 (s.
1504 3724 1831 3812 moglichen
1892 3725 2164 3792 Volker’3
2235 3727 2347 3797 vgl.
2412 3723 2632 3789 πάντας

268 3792 421 3847 oben
465 3792 555 3847 die
603 3794 767 3849 Anm.
815 3814 884 3849 zu
929 3800 980 3850 4.
1023 3798 1114 3866 26)
1160 3798 1395 3867 stattge·
1503 3791 1879 3865 ἀνθρώπους,
1915 3796 2043 3865 Lys.
2076 3797 2137 3852 in
2162 3797 2447 3851 Eratosth.
2478 3803 2547 3852 60
2575 3817 2629 3854 11.

270 3863 483 3924 funden
517 3863 692 3921 hatte.
757 3866 845 3920 An
883 3868 1011 3921 dem
1041 3868 1396 3923 zusammen·
1505 3866 1757 3922 9181-
1788 3871 1997 3923 armis
2030 3869 2335 3937 ‘vi-risque
2372 3887 2415 3922 s
2454 3875 2628 3923 8.14.

267 3934 404 3989 fluss
425 3934 522 3989 des
547 3934 722 4003 Hydr.
740 3954 794 3990 u.
816 3938 1082 3993 Acesines
1101 3940 1396 3993 erwartete
1506 3944 1555 3991 1.
1577 3940 1885 3993 —maria
1913 3944 2318 3995 consternat.
2371 3938 2630 3993 Dieselbe

272 4005 379 4059 den
433 4005 624 4076 Konig
677 4006 776 4061 das
833 4006 976 4065 Gros
1031 4008 1129 4064 des
1186 4008 1395 4063 Heeres
1503 4008 1794 4078 Hyper-bel
1830 4010 1932 4064 hat
1967 4011 2113 4065 auch
2140 4008 2333 4063 Livius
2362 4014 2446 4064 35.
2472 4014 2555 4063 49.
2581 4015 2629 4063 5.

270 4077 435 4129 unter
480 4075 826 4164 Hephaestio
874 4097 928 4133 u.
973 4078 1282 4135 Nearchus.
1329 4110 1396 4119 —
1502 4078 1631 4148 Vgl.
1658 4080 1805 4134 noch
1827 4079 1961 4135 Sall.
1988 4080 2108 4135 Cat.
2137 4086 2219 4135 13.
2244 4110 2311 4118 —-
2340 4081 2631 4134 inducat
2672 4082 2679 4087 '

263 4147 734 4213 perinvalido,
775 4142 874 4204 ἆπ.
914 4148 1016 4218 εἰρ.
1091 4149 1398 4205 Vielleicht
1502 4164 1575 4203 sc.
1624 4152 1717 4217 in,
1764 4157 1959 4206 contra
2002 4166 2115 4205 nos.
2204 4149 2277 4202 80
2328 4155 2410 4203 10.
2461 4155 2625 4205 9.16

268 4231 377 4267 11111·
411 4217 806 4274 verschrieben
843 4235 942 4275 aus
981 4223 1199 4290 corpori
1240 4222 1396 4274 inva-
1503 4226 1717 4275 turmas
1762 4237 1885 4275 cum
1930 4220 2232 4289 elephantis
2267 4220 2629 4276 inducturum

272 4284 414 4351 lide,
450 4288 625 4357 vergl.
665 4295 714 4345 7.
753 4295 803 4345 9.
848 4297 939 4345 13:
977 4294 1396 4348 vexationem
1502 4291 1569 4345 in
1602 4296 1929 4348 recusantes.
