3069 4749
1017 1063 1087 1144 Q.
1152 1061 1209 1129 G
1233 1061 1370 1130 UR
1392 1063 1515 1128 TI
1569 1063 1633 1128 R
1662 1062 1726 1130 U
1734 1063 1866 1130 ΓΙ

1148 1237 1752 1294 HISTORIARUM

738 1403 1610 1477 ALEXANDRI
1680 1404 1865 1477 MA
1905 1403 2160 1478 GNI

1118 1599 1776 1662 MACEDONIS

1226 1770 1491 1825 LIBER
1540 1771 1645 1825 VI.

446 1917 621 1982 Dum
658 1937 731 1982 ea
764 1937 882 1999 per
915 1917 1145 1982 Asiam
1174 1922 1476 2000 yeruntur
1488 1914 1560 1999 1),
1601 1937 1679 1982 ne
1713 1917 1785 1981 in
1822 1916 2090 1982 Graecia
2121 1917 2367 1998 quidem
2403 1917 2616 1984 Mace·

264 2007 572 2089 doniaque
624 2006 997 2088 tranquillae
1057 2027 1154 2071 res
1212 2006 1401 2086 fuere.
1496 2005 1824 2089 Reqnabat
1880 2006 2052 2088 apud
2101 2006 2616 2073 Lacedaemonios

270 2095 429 2180 Ayis
436 2091 511 2181 ²),
547 2095 917 2160 Archidami
949 2095 1137 2177 filius,
1181 2097 1290 2177 qui
1329 2095 1688 2159 Tarentinis
1722 2115 1892 2177 opem
1931 2095 2137 2176 ferens
2172 2095 2480 2180 ceciderat,
2524 2115 2616 2161 eo-

267 2185 405 2250 dem
446 2185 544 2249 die
578 2205 697 2266 quo
731 2181 1063 2266 Philippus
1095 2183 1494 2248 Athenienses
1537 2185 1625 2250 ad
1658 2181 2076 2250 Chaeroneam
2117 2185 2277 2248 vicit.
2360 2184 2433 2250 Is
2467 2185 2614 2250 Ale-

267 2274 503 2339 xandri
535 2293 653 2352 per
695 2273 978 2337 virtutem
1020 2273 1299 2338 aemulus
1340 2273 1498 2338 cives
1541 2293 1686 2338 suos
1729 2273 2114 2356 stimulabat,
2157 2294 2236 2338 ne
2282 2272 2616 2339 Graeciam

269 2364 551 2430 servitute
602 2362 1014 2428 Macedonum
1066 2362 1301 2428 diutius
1342 2363 1551 2446 premi
1591 2366 1985 2445 paterentur:
2047 2363 2177 2429 nisi
2229 2363 2302 2428 in
2355 2367 2617 2445 tempore

259 2454 665 2536 providerent,
708 2452 871 2517 idem
914 2452 1127 2534 iuyum
1172 2453 1259 2517 ad
1296 2452 1463 2533 ipsos
1508 2454 1920 2517 transiturum
1959 2472 2098 2517 esse.
2187 2454 2618 2518 Adnitendum

269 2542 481 2626 iyitur,
525 2541 675 2605 dum
709 2541 957 2623 aliquae
999 2540 1200 2605 adhuc
1234 2539 1445 2606 Persis
1480 2542 1568 2606 ad
1599 2542 2000 2606 resistendum
2032 2542 2194 2607 vires
2227 2546 2447 2607 essent.
2483 2542 2620 2607 illis

272 2631 573 2712 oppressis
633 2631 927 2695 adversus
989 2630 1305 2694 inmanem
1358 2631 1697 2732 potentiam
1757 2629 2000 2709 frustra
2060 2630 2264 2694 avitae
2319 2630 2620 2695 libertatis

273 2738 564 2784 memores
611 2718 875 2799 futuros.
963 2717 1070 2783 Sic
1113 2718 1421 2783 instinctis
1463 2719 1698 2783 animis
1742 2719 2112 2782 occasionem
2157 2718 2297 2783 belli
2340 2738 2414 2783 ex
2457 2739 2616 2783 com-

278 2808 455 2872 modo
500 2808 813 2889 coeptandi
856 2807 1433 2887 circumspiciebant.
1522 2806 1734 2889 Iqitur
1782 2806 2074 2886 felicitate
2115 2806 2474 2871 Memnonis
2517 2809 2619 2871 in-

272 2896 453 2959 vitati
508 2896 767 2961 consilia
818 2914 959 2960 cum
1008 2895 1143 2976 ipso
1196 2895 1443 2960 miscere
1494 2895 1768 2978 adqressi
1819 2898 1966 2959 sunt
2007 2899 2088 2972 et,
2130 2899 2465 2977 postquam
2510 2895 2617 2959 ille

274 3004 485 3049 rerum
512 2984 813 3049 laetarum
847 2984 1037 3049 initia
1070 2984 1489 3066 intempestiva
1522 2988 1715 3048 morte
1749 2983 2035 3063 destituit,
2071 2982 2266 3047 nihilo
2293 2984 2615 3048 remissius

275 3072 548 3156 agebant.
636 3072 759 3139 Sed
797 3074 885 3138 ad
925 3071 1409 3138 Pharnabazum
1461 3078 1520 3137 et
1560 3072 2072 3155 Autophradaten
2104 3071 2416 3155 profectus
2458 3071 2621 3154 Ayis

276 3161 535 3244 triyinta
568 3163 807 3245 arqenti
842 3162 1072 3226 talenta
1106 3163 1417 3244 decemque
1452 3163 1729 3227 triremes
1763 3162 2109 3244 inpetravit,
2145 3181 2302 3243 quas
2326 3161 2622 3243 Ayesilao

269 3250 466 3331 fratri
508 3252 700 3335 misit,
746 3255 819 3316 ut
857 3251 931 3315 in
974 3248 1219 3315 Oretam
1261 3251 1606 3334 naviqaret,
1652 3250 1826 3315 cuius
1869 3250 2112 3314 insulae
2155 3250 2412 3315 cultores
2456 3251 2621 3315 inter

272 3339 787 3405 Lacedaemonios
813 3345 872 3405 et
894 3339 1275 3405 Macedonas
1308 3340 1563 3404 diversis
1587 3340 1810 3405 studiis
1836 3338 2351 3404 distrahebantur.
2395 3338 2618 3441 Leqati

272 3448 505 3529 quoque
539 3430 626 3493 ad
661 3428 940 3493 Dareum
983 3428 1161 3493 missi
1204 3433 1365 3512 sunt,
1410 3430 1519 3510 qui
1562 3429 1633 3492 in
1675 3448 1856 3493 usum
1902 3428 2042 3493 belli
2085 3428 2448 3511 ampliorem
2491 3429 2618 3493 vim

266 3518 569 3599 pecuniae
592 3516 922 3599 pluresque
956 3537 1143 3582 naves
1164 3522 1453 3599 peterent.
1523 3517 1727 3599 Atque
1751 3516 1898 3582 haec
1931 3537 2143 3581 eorum
2178 3521 2384 3599 coepta
2419 3517 2624 3582 clades

276 3606 363 3670 ad
402 3605 749 3671 Issum—
790 3627 943 3671 nam
998 3626 1072 3670 ea
1126 3606 1532 3671 intervenerat
1577 3642 1661 3652 —
1707 3607 1855 3670 adeo
1899 3626 2027 3671 non
2079 3606 2503 3709 interpellavit,
2549 3610 2621 3669 ut

270 3694 462 3759 etiarm
496 3694 817 3759 adiuverit.
900 3694 1135 3797 Quippe
1174 3694 1507 3778 fuyientem
1543 3695 1848 3760 insecutus
1881 3694 2238 3759 Alexander
2272 3694 2344 3759 in
2381 3694 2623 3776 lonqin-

281 3803 408 3884 qua
453 3783 587 3848 loca
630 3784 831 3866 mayis
874 3784 1189 3867 mayisque
1230 3784 1590 3867 rapiebatur
1633 3788 1693 3849 et
1722 3804 1797 3848 ex
1831 3783 1962 3865 ipso
1995 3783 2232 3866 proelio
2268 3802 2622 3848 mercenna-

272 3871 514 3937 riorum
557 3873 773 3955 inqens
815 3872 1141 3938 multitudo
1187 3873 1258 3937 in
1295 3871 1627 3938 Graeciam
1666 3871 1824 3956 fuya
1853 3876 2315 3954 penetraverat:
2359 3891 2624 3953 quorum

278 3964 404 4025 octo
447 3962 631 4026 milia
666 3959 921 4027 Persica
953 3962 1223 4043 pecunia
1267 3961 1562 4027 conduxit
1593 3962 1756 4044 Ayis
1798 3981 2120 4042 eorumque
2165 3980 2348 4062 opera
2381 3959 2622 4041 pleras-

273 4068 389 4130 que
424 4048 803 4115 Oretensitmn
845 4050 1025 4115 wrbes
1066 4051 1301 4132 recepit.
1394 4048 1552 4116 Oum
1591 4051 1868 4133 deinceps
1903 4049 2142 4115 Menon
2175 4049 2246 4113 in
2285 4047 2624 4113 Thraciam

428 4260 603 4328 ι)Βίει
640 4259 855 4330 Oap.1.
898 4266 924 4314 1
964 4258 1300 4331 Ergfimung
1334 4274 1446 4315 von
1480 4260 1622 4315 Joh.
1660 4257 2118 4331 Freinsheim,
2157 4274 2198 4312 s,
2239 4262 2624 4313 zu5.13.25.

426 4330 469 4399 ²)
502 4332 689 4387 Ueber
718 4278 867 4401 Agis
904 4336 1249 4387 s.4.1.39.

388 4429 495 4470 voa
572 4428 885 4482 μιιροιιιιιι
888 4430 988 4470 ..11
2171 4424 2200 4472 1
