3069 4749
778 169 1297 225 HISTORIARUM
1333 171 1765 228 ALEXANDRI
1803 173 1952 245 VIII,
1988 181 2039 230 4.
2079 182 2128 230 5.
2506 177 2634 241 123

276 336 486 410 retur,
529 330 840 416 ignobilis
886 331 982 396 ita
1028 333 1269 396 effusus
1316 336 1446 416 est,
1492 337 1567 398 ut
1611 333 1856 400 diceret
1900 336 1980 400 ad
2031 336 2490 402 stabiliendum
2535 361 2634 403 re-

277 441 481 506 gnum
526 419 883 504 pertinere,
928 419 1161 486 Persas
1208 424 1273 484 et
1318 421 1709 488 Macedones
1757 425 2035 490 conubio
2083 426 2294 510 iungi:
2342 427 2468 491 hoc
2503 449 2630 491 uno

273 509 467 574 modo
515 512 582 573 et
626 508 939 592 pudorem
978 509 1165 573 victis
1214 513 1282 573 et
1322 511 1698 594 superbiam
1737 511 2092 578 victoribus
2129 513 2387 579 detrahi
2423 537 2633 599 posse.

273 597 602 662 Achillem
658 617 941 680 quoque,
1006 619 1045 661 a
1101 619 1228 681 quo
1284 617 1488 683 genus
1544 599 1686 682 ipse
1743 599 2110 687 deduceret,
2175 623 2318 667 cum
2375 605 2632 687 captiva
2668 617 2737 666 26

276 687 503 750 coisse.
583 683 685 749 Nc
722 685 953 750 inferri
986 685 1171 761 nefas
1211 686 1582 772 arbitretur,
1629 687 1814 752 illam
1850 689 2252 755 matrimonii
2287 692 2426 755 iure
2463 693 2632 756 velle

276 775 479 858 iungi.
568 773 909 858 Insperato
967 775 1203 859 gaudio
1262 775 1475 840 laetus
1531 779 1722 859 pater
1778 798 2144 842 sermonem
2189 779 2326 843 eius
2374 781 2629 864 excipit.
2667 793 2734 842 27

276 862 369 926 Et
422 883 534 926 rex
588 863 656 926 in
711 863 923 926 me'dio
970 863 1346 946 cupiditatis
1394 864 1622 928 ardore
1668 862 1860 929 iussit
1905 865 2145 930 adferri
2189 867 2404 950 patrio
2451 891 2630 933 more

276 971 511 1034 panem
558 987 642 998 —-
688 950 813 1014 hoc
868 956 1009 1015 erat
1064 952 1233 1034 apud
1278 951 1670 1018 Macedonas
1727 955 2213 1019 sanctissimum
2260 957 2629 1021 coeuntium

273 1039 541 1122 pignuS‚
595 1075 669 1086 ——-
722 1058 914 1122 quem
962 1039 1245 1104 divisum
1292 1041 1515 1124 gladio
1564 1046 1837 1126 uterque
1883 1043 2149 1107 libabat.
2243 1041 2452 1108 Credo
2499 1067 2629 1130 cos,
2666 1057 2734 1106 28

274 1128 388 1211 qui
433 1129 647 1212 gentis
684 1148 896 1192 mores
934 1128 1376 1213 condiderunt,
1422 1149 1623 1213 parco
1661 1132 1728 1194 et
1761 1131 2044 1215 parabili
2079 1132 2256 1196 victu
2294 1133 2628 1197 ostendere

272 1216 561 1280 voluisse
624 1216 1043 1301 iungentibus
1110 1237 1295 1300 opes,
1360 1218 1678 1303 quantulo
1743 1221 2033 1283 contenti
2097 1241 2238 1285 esse
2301 1221 2628 1286 deberent.

270 1303 417 1368 Hoc
462 1305 653 1369 modo
700 1325 814 1370 rex
857 1303 1055 1370 Asiae
1104 1308 1172 1369 et
1206 1305 1508 1390 Europae
1553 1307 1990 1372 introductam
2040 1308 2211 1372 inter
2257 1309 2628 1374 convivales
2665 1323 2733 1371 29

269 1392 459 1456 ludos
505 1393 923 1458 matrimonio
972 1393 1101 1458 sibi
1148 1393 1461 1478 adiunxit,
1508 1417 1544 1459 e
1581 1395 1838 1479 captiva
1875 1397 2231 1480 geniturus,
2280 1397 2391 1483 qui
2426 1397 2628 1463 victo·

268 1481 451 1545 ribus
497 1481 868 1565 imperaret.
956 1479 1257 1546 Pudebat
1302 1482 1576 1566 amicos,
1631 1505 1828 1566 super
1870 1485 2094 1549 vinum
2144 1487 2210 1550 et
2256 1486 2481 1568 epulas
2528 1507 2626 1551 so·
2663 1500 2732 1548 30

268 1591 491 1634 cerum
536 1591 613 1633 ex
660 1570 895 1634 deditis
942 1591 1083 1634 esse
1130 1570 1476 1636 delectum:
1543 1571 1654 1635 sed
1709 1574 1860 1655 post
1905 1570 2064 1637 Cliti
2111 1573 2372 1638 caedem
2429 1575 2657 1648 liber-‚

268 1661 409 1722 tate
456 1657 717 1722 sublata
761 1658 975 1742 vultu,
1023 1659 1135 1742 qui
1180 1660 1461 1724 maxime
1508 1659 1742 1742 servit,
1791 1660 2341 1726 adsentiebantur.

1304 1833 1463 1900 OAP.
1508 1834 1589 1900 V.

155 1959 241 2022 17
449 1954 753 2022 Ceterum
807 1955 1063 2021 Indiam
1118 1960 1183 2021 et
1238 1958 1383 2023 inde
1440 1956 1768 2023 Oceanum
1821 1960 2143 2044 petiturus
2153 2012 2170 2047 ‚
2233 1982 2314 2025 ne
2373 1961 2528 2046 quid
2585 1985 2624 2027 a
2664 1976 2691 2024 1

264 2049 457 2130 tergo
468 2095 486 2128 ‚
532 2044 704 2128 quod
751 2045 1077 2110 destinata
1122 2045 1411 2129 inpedire
1455 2050 1707 2132 posset,
1753 2053 2150 2134 moveretur,
2197 2071 2274 2114 ex
2322 2050 2622 2115 omnibus

262 2133 617 2218 provinciis
663 2152 814 2198 xxx
859 2135 1041 2198 milia
1085 2133 1409 2199 iuniorum
1457 2136 1589 2219 legi
1634 2135 1828 2201 iussit
1865 2142 1932 2202 ct
1969 2137 2052 2202 ad
2091 2160 2158 2202 se
2195 2141 2446 2202 armata
2481 2161 2624 2223 per-

264 2221 433 2303 duci,
480 2221 737 2287 obsides
787 2223 981 2286 simul
1025 2221 1368 2287 habiturus
1418 2228 1485 2289 et
1530 2224 1792 2290 milites.
1885 2223 2224 2292 Craterum
2273 2230 2491 2291 autem
2540 2227 2621 2291 ad
2659 2241 2690 2290 2

259 2311 745 2397 persequendos
801 2310 1187 2377 Haustanen
1240 2316 1308 2377 et
1354 2310 1686 2398 Catenen‚·
1729 2315 1842 2399 qui
1897 2314 1978 2381 ab
2036 2317 2181 2401 ipso
2236 2315 2622 2401 defecerant,

258 2493 478 2553 retur,
534 2488 750 2555 potent.
806 2488 1044 2556 praeter.
1094 2487 1201 2541 wie
1242 2493 1291 2542 7.
1335 2493 1381 2543 1.
1495 2504 1663 2545 unser
1698 2488 2019 2545 Ausdruck:
2065 2489 2266 2547 einen
2299 2470 2624 2548 Hausstand

262 2563 352 2611 22.
391 2586 461 2597 —-
498 2558 787 2623 effusus,
824 2557 939 2626 vgl.
978 2558 1139 2624 effusi
1172 2559 1239 2614 in
1284 2558 1383 2612 Ve-

260 2644 447 2683 mrem
508 2627 629 2683 Liv.
687 2634 773 2683 29.
821 2632 908 2683 23.
955 2633 1023 2694 43
1076 2629 1141 2683 in
1194 2629 1387 2684 vinum

265 2698 419 2754 Curt.
459 2702 509 2753 5.
552 2705 597 2751 1.
636 2704 720 2753 37.
768 2728 855 2741 -—-
884 2699 1112 2767 iwn9i,·
1162 2716 1222 2753 so
1263 2716 1387 2753 ver-

261 2768 492 2841 bunden
538 2769 643 2823 mit
684 2770 1025 2825 matrimonii
1070 2770 1193 2825 iure
1228 2774 1259 2837 ξ
1298 2775 1385 2838 26,

260 2840 371 2895 mit
412 2841 766 2895 matrimonio
814 2845 898 2895 10.
943 2845 993 2894 3.
1036 2845 1118 2894 11.
1166 2870 1235 2881 -
1281 2842 1385 2897 de·

260 2912 500 2978 trahi,
563 2912 735 2981 vergl.
805 2909 939 2966 Sall.
1007 2926 1085 2965 or.
1149 2910 1295 2965 Phil.
1354 2917 1387 2965 3

260 2982 587 3105 diynlz'tatem
638 2982 820 3047 vobis,
882 2982 973 3035 illi
1025 2986 1225 3037 metum
1278 2982 1387 3037 de-

261 3058 379 3107 tra
430 3054 470 3105 i.
1087 3096 1093 3109 ,

336 3129 422 3179 26.
452 3138 657 3191 aenas
687 3124 829 3191 ipse
855 3123 1233 3188 deduceret,
1261 3139 1304 3175 s.
1334 3127 1385 3179 4.

262 3200 314 3249 6.
354 3199 441 3252 29.
479 3224 547 3233 --
586 3195 823 3260 coisse,
867 3193 1041 3250 habe
1082 3193 1389 3262 Umgang

260 3264 653 3335 gepflogen.
726 3262 987 3319 Gemeint
1030 3262 1108 3318 ist
1142 3262 1232 3317 die
1270 3263 1387 3317 Bri-

260 3336 389 3390 seis.
418 3366 491 3375 -
518 3336 926 3402 arbitretur,
961 3334 1135 3388 naml.
1168 3333 1387 3404 Ooeyar-

259 3412 356 3461 tes.
378 3436 445 3446 -—
468 3406 551 3460 Zu
584 3406 782 3475 iuwyi
812 3406 891 3461 ist
914 3421 1093 3461 seowm
1121 3405 1195 3473 (5.
1216 3410 1265 3459 3.
1291 3410 1384 3471 123

264 3482 349 3531 10.
391 3482 441 3529 3.
482 3479 571 3544 11)
611 3494 679 3531 zu
714 3480 1004 3546 erganzen.

336 3551 423 3600 27.
462 3548 839 3601 coeuntium
863 3548 1207 3617 pigmaea-
1229 3544 1385 3614 Sym·

261 3616 361 3671 bol
407 3616 501 3669 bei
537 3617 635 3671 der
670 3618 1141 3687 Eheschliessung
1175 3619 1383 3685 (coire).

260 3718 335 3727 —
367 3691 673 3756 uterque,
709 3688 762 3745 d.
788 3688 827 3742 i.
850 3688 1011 3759 jeder
1040 3689 1139 3744 der
1165 3688 1259 3743 bei
1286 3688 1387 3743 der

261 3758 429 3813 coitio
466 3756 857 3827 Betheiligten.
897 3790 965 3801 —-·
1011 3758 1266 3815 Libare
1308 3758 1387 3813 ist

261 3828 583 3883 feierlicher
627 3829 923 3886 Ausdruck
966 3830 1058 3884 fiir
1107 3830 1285 3896 edere,
1340 3848 1384 3885 s.

261 3902 409 3955 oben
446 3906 495 3955 5.
536 3904 585 3953 2.
628 3904 710 3955 15.

332 3974 421 4027 28.
450 3971 987 4026 condideruata
1006 3969 1247 4039 ἔθεσανς
1270 3970 1385 4042 vgl.

261 4040 353 4101 die
391 4041 732 4097 classischen
767 4042 1017 4103 Phrasen
1051 4044 1209 4109 iura,
1252 4044 1387 4112 loyes

260 4113 501 4167 condere.
584 4112 775 4183 Vergl.
831 4112 1098 4183 iibrigens
1156 4120 1204 4172 6.
1251 4119 1301 4172 2.
1349 4120 1383 4169 3

257 4196 431 4248 parco
467 4188 518 4237 et
546 4184 801 4251 parabili
836 4186 987 4239 victu
1021 4184 1137 4241 und
1174 4190 1225 4239 3.
1264 4190 1313 4239 ὅ.
1348 4190 1381 4238 2

263 4251 369 4307 levi
412 4260 462 4307 et
506 4256 763 4323 parabili
808 4256 961 4310 cultu
1006 4256 1264 4323 corporis.
1312 4284 1381 4295 -

261 4321 701 4395 iunqentibus
744 4342 911 4395 opes.
983 4325 1262 4381 Achnlich
1306 4324 1385 4382 ist

1494 2558 1765 2627 grunden.

1567 2635 1652 2683 29.
1681 2630 1862 2685 inter
1889 2648 2066 2688 conv.
2098 2633 2306 2689 ludos,
2349 2632 2618 2689 Derselbe

1493 2699 1789 2753 Ausdruck
1837 2707 1887 2755 6.
1936 2708 1985 2755 2.
2025 2708 2073 2757 6.
2133 2734 2200 2744 -
2256 2720 2284 2757 e
2329 2705 2619 2773 captiva.

1494 2770 1624 2839 Vgl.
1675 2775 1758 2824 10.
1797 2778 1846 2825 3.
1891 2777 1956 2825 11
2011 2788 2218 2827 meeum
2270 2776 2622 2829 matrimonio

1494 2841 1666 2894 iunxi
1709 2856 1824 2895 non
1867 2843 2198 2911 dedignante
2231 2860 2260 2898 e
2296 2845 2518 2913 captiva
2556 2847 2618 2912 (i.

1494 2927 1538 2966 e.
1573 2910 1833 2979 Roxane)
1871 2913 2068 2967 liberos
2103 2914 2300 2968 tollere.

1569 2987 1654 3036 30.
1691 2997 1893 3051 super
1927 2986 2155 3039 vinum
2190 2984 2295 3039 wie
2335 2989 2384 3037 6.
2427 2989 2510 3039 11.
2549 2990 2616 3041 27

1495 3068 1660 3121 super
1687 3069 1891 3111 cenam.
1920 3085 1993 3095 —
2018 3055 2136 3123 qui
2171 3055 2458 3109 maxime
2483 3070 2620 3108 ser·

1494 3124 1621 3189 vit,
1667 3123 1719 3177 d.
1756 3124 1794 3177 i.
1839 3127 2054 3181 servilis
2088 3130 2180 3181 est.
2265 3124 2371 3179 Die
2415 3124 2618 3183 Bitter-

1496 3193 1620 3253 keit
1664 3194 1764 3248 der
1800 3196 2102 3265 Wendung
2143 3196 2220 3251 ist
2264 3195 2422 3251 nicht
2457 3196 2619 3251 fiber-

1494 3264 1772 3319 raschcnd
1825 3266 1917 3321 bei
1965 3266 2146 3322 einem
2195 3266 2618 3336 Schriststelhr,

1494 3334 1596 3389 der
1657 3338 1824 3391 unter
1878 3336 2134 3393 Tiberius
2187 3338 2304 3393 und
2358 3338 2620 3408 Caligula

1492 3405 1688 3475 gelebt
1723 3408 1898 3463 hatte.
1969 3409 2330 3465 Uebersetze:
2368 3409 2616 3477 wenig-

1495 3479 1682 3533 stens
1743 3478 1806 3533 in
1869 3481 2151 3535 stummen
2211 3480 2439 3535 Mienen
2499 3480 2618 3535 und

1494 3546 1814 3616 Geberdem
1867 3549 2136 3621 Gegens.=
2191 3550 2372 3607 offene
2415 3550 2616 3605 Liebe-

1494 3618 1744 3673 dienerei
1769 3620 1830 3675 in
1855 3621 2108 3678 Worten.
2174 3622 2360 3677 Ueber
2396 3622 2618 3675 libertas

1494 3714 1563 3737 ---
1599 3686 1911 3761 παρἆσία,
1949 3692 2062 3762 vgl.
2103 3698 2152 3748 3.
2195 3698 2276 3747 12.
2319 3697 2400 3746 16.
2517 3723 2522 3730 -

1945 3813 2072 3870 Gir.
2109 3814 2176 3870 V.

1570 3907 1616 3957 1.
1645 3902 2014 3971 petiturus.
2089 3901 2194 3957 Die
2231 3918 2344 3957 von
2377 3909 2426 3957 5.
2461 3908 2615 3957 1—8.

1494 3978 1582 4029 23·
1601 3973 1891 4030 erzahlten
1927 3972 2244 4041 Ereignisse
2281 3971 2474 4041 fallen,
2509 3975 2616 4031 wie

1492 4044 1646 4098 wohl
1690 4043 1966 4099 ebenfalls
2011 4043 2102 4097 die
2148 4042 2436 4101 fcierliche
2479 4044 2614 4101 Ver·

1491 4113 1766 4183 mahlung
1801 4113 1909 4167 mit
1936 4114 2179 4181 Roxane,
2214 4113 2276 4171 in
2303 4114 2412 4171 den
2440 4114 2614 4169 Friih-

1490 4184 1616 4254 ling
1653 4189 1776 4252 327,
1813 4184 1923 4241 den
1957 4184 2116 4240 Alex.
2153 4185 2300 4240 nach
2326 4185 2530 4243 Arx-ian
2555 4185 2615 4241 in

1490 4255 1698 4309 Bactra
1735 4254 1998 4309 verlebte.

1562 4332 1612 4381 2.
1651 4326 2056 4381 Haustanen
2080 4330 2142 4381 et
2167 4325 2490 4397 Catenen,
2524 4327 2613 4383 die
