<?xml version="1.0" encoding="UTF-8"?>
<!DOCTYPE html PUBLIC "-//W3C//DTD XHTML 1.0 Transitional//EN"
    "http://www.w3.org/TR/xhtml1/DTD/xhtml1-transitional.dtd">
<html xmlns="http://www.w3.org/1999/xhtml" xml:lang="en" lang="en">
 <head>
  <title>
</title>
<meta http-equiv="Content-Type" content="text/html;charset=utf-8" />
  <meta name='ocr-system' content='tesseract 3.04.00' />
  <meta name='ocr-capabilities' content='ocr_page ocr_carea ocr_par ocr_line ocrx_word'/>
</head>
<body>
  <div class='ocr_page' id='page_1' title='image "./qcurtirufihisto00vogegoog_0331.png"; bbox 0 0 3069 4749; ppageno 0'>
   <div class='ocr_carea' id='block_1_1' title="bbox 209 2571 298 2637">
    <p class='ocr_par' dir='ltr' id='par_1_1' title="bbox 209 2571 298 2637">
     <span class='ocr_line' id='line_1_1' title="bbox 209 2571 298 2637; baseline 0 0"><span class='ocrx_word' id='word_1_1' title='bbox 209 2571 298 2637; x_wconf 85' lang='lat'>33</span> 
     </span>
    </p>
   </div>
   <div class='ocr_carea' id='block_1_2' title="bbox 828 61 2733 223">
    <p class='ocr_par' dir='ltr' id='par_1_2' title="bbox 828 61 2733 223">
     <span class='ocr_line' id='line_1_2' title="bbox 2711 61 2733 98; baseline 0 0"><span class='ocrx_word' id='word_1_2' title='bbox 2711 61 2733 98; x_wconf 79' lang='grc' dir='ltr'><em>ο</em></span> 
     </span>
     <span class='ocr_line' id='line_1_3' title="bbox 828 149 2655 223; baseline 0.002 -17"><span class='ocrx_word' id='word_1_3' title='bbox 828 149 1344 208; x_wconf 83' lang='lat' dir='ltr'>HISTORIARUM</span> <span class='ocrx_word' id='word_1_4' title='bbox 1382 150 1817 208; x_wconf 83' lang='lat' dir='ltr'><strong>ALEXANDRI</strong></span> <span class='ocrx_word' id='word_1_5' title='bbox 1854 152 1976 223; x_wconf 88' lang='lat' dir='ltr'>VH,</span> <span class='ocrx_word' id='word_1_6' title='bbox 2016 160 2065 211; x_wconf 83' lang='grc'><strong>7.</strong></span> <span class='ocrx_word' id='word_1_7' title='bbox 2104 160 2153 210; x_wconf 92' lang='grc'>8.</span> <span class='ocrx_word' id='word_1_8' title='bbox 2570 155 2655 220; x_wconf 83' lang='grc'>89</span> 
     </span>
    </p>
   </div>
   <div class='ocr_carea' id='block_1_3' title="bbox 299 313 2798 2354">
    <p class='ocr_par' dir='ltr' id='par_1_3' title="bbox 299 313 2798 2354">
     <span class='ocr_line' id='line_1_4' title="bbox 303 313 2764 404; baseline -0.004 -19"><span class='ocrx_word' id='word_1_9' title='bbox 303 319 570 402; x_wconf 87' lang='lat' dir='ltr'>sciebat,</span> <span class='ocrx_word' id='word_1_10' title='bbox 617 315 911 382; x_wconf 75' lang='lat' dir='ltr'>consedit</span> <span class='ocrx_word' id='word_1_11' title='bbox 957 315 1263 380; x_wconf 88' lang='lat' dir='ltr'>occultus.</span> <span class='ocrx_word' id='word_1_12' title='bbox 1355 313 1666 382; x_wconf 72' lang='lat' dir='ltr'>Silvestre</span> <span class='ocrx_word' id='word_1_13' title='bbox 1712 316 1839 382; x_wconf 90' lang='lat' dir='ltr'>iter</span> <span class='ocrx_word' id='word_1_14' title='bbox 1886 319 2109 400; x_wconf 91' lang='lat' dir='ltr'>aptum</span> <span class='ocrx_word' id='word_1_15' title='bbox 2146 317 2401 382; x_wconf 80' lang='lat' dir='ltr'>insidiis</span> <span class='ocrx_word' id='word_1_16' title='bbox 2438 322 2659 404; x_wconf 84' lang='lat' dir='ltr'>tegen-</span> <span class='ocrx_word' id='word_1_17' title='bbox 2695 327 2764 376; x_wconf 78' lang='lat'>32</span> 
     </span>
     <span class='ocr_line' id='line_1_5' title="bbox 302 403 2655 490; baseline -0 -17"><span class='ocrx_word' id='word_1_18' title='bbox 302 409 400 474; x_wconf 89' lang='lat' dir='ltr'>dis</span> <span class='ocrx_word' id='word_1_19' title='bbox 461 411 633 473; x_wconf 86' lang='lat' dir='ltr'>erat:</span> <span class='ocrx_word' id='word_1_20' title='bbox 699 404 796 470; x_wconf 89' lang='lat' dir='ltr'>ibi</span> <span class='ocrx_word' id='word_1_21' title='bbox 850 403 1074 470; x_wconf 82' lang='lat' dir='ltr'><strong>Dahas</strong></span> <span class='ocrx_word' id='word_1_22' title='bbox 1133 403 1441 470; x_wconf 74' lang='lat' dir='ltr'>condidit.</span> <span class='ocrx_word' id='word_1_23' title='bbox 1540 404 1712 490; x_wconf 79' lang='lat' dir='ltr'>Equi</span> <span class='ocrx_word' id='word_1_24' title='bbox 1775 405 1964 471; x_wconf 87' lang='lat' dir='ltr'>binos</span> <span class='ocrx_word' id='word_1_25' title='bbox 2032 409 2317 472; x_wconf 86' lang='lat' dir='ltr'>armatos</span> <span class='ocrx_word' id='word_1_26' title='bbox 2381 407 2655 474; x_wconf 85' lang='lat' dir='ltr'>vehunt:</span> 
     </span>
     <span class='ocr_line' id='line_1_6' title="bbox 299 493 2659 582; baseline -0.001 -20"><span class='ocrx_word' id='word_1_27' title='bbox 299 517 579 582; x_wconf 88' lang='lat' dir='ltr'>quorum</span> <span class='ocrx_word' id='word_1_28' title='bbox 643 494 923 559; x_wconf 89' lang='lat' dir='ltr'>invicem</span> <span class='ocrx_word' id='word_1_29' title='bbox 989 493 1231 578; x_wconf 81' lang='lat' dir='ltr'>singuli</span> <span class='ocrx_word' id='word_1_30' title='bbox 1294 496 1561 578; x_wconf 88' lang='lat' dir='ltr'>repente</span> <span class='ocrx_word' id='word_1_31' title='bbox 1624 493 1961 578; x_wconf 89' lang='lat' dir='ltr'>desiliunt,</span> <span class='ocrx_word' id='word_1_32' title='bbox 2026 495 2341 580; x_wconf 88' lang='lat' dir='ltr'>equestris</span> <span class='ocrx_word' id='word_1_33' title='bbox 2403 517 2659 581; x_wconf 80' lang='lat' dir='ltr'>pugnae</span> 
     </span>
     <span class='ocr_line' id='line_1_7' title="bbox 303 581 2765 669; baseline -0.003 -18"><span class='ocrx_word' id='word_1_34' title='bbox 303 585 597 651; x_wconf 83' lang='lat' dir='ltr'>ordinem</span> <span class='ocrx_word' id='word_1_35' title='bbox 642 583 936 648; x_wconf 91' lang='lat' dir='ltr'>turbant.</span> <span class='ocrx_word' id='word_1_36' title='bbox 1025 581 1362 667; x_wconf 84' lang='lat' dir='ltr'>Equorum</span> <span class='ocrx_word' id='word_1_37' title='bbox 1416 582 1752 648; x_wconf 88' lang='lat' dir='ltr'>velocitati</span> <span class='ocrx_word' id='word_1_38' title='bbox 1808 605 1928 666; x_wconf 89' lang='lat' dir='ltr'>par</span> <span class='ocrx_word' id='word_1_39' title='bbox 1980 587 2081 648; x_wconf 89' lang='lat' dir='ltr'>est</span> <span class='ocrx_word' id='word_1_40' title='bbox 2134 583 2467 648; x_wconf 91' lang='lat' dir='ltr'>hominum</span> <span class='ocrx_word' id='word_1_41' title='bbox 2516 606 2655 669; x_wconf 91' lang='lat' dir='ltr'>per-</span> <span class='ocrx_word' id='word_1_42' title='bbox 2696 593 2765 643; x_wconf 88' lang='grc'>33</span> 
     </span>
     <span class='ocr_line' id='line_1_8' title="bbox 301 669 2659 756; baseline -0 -17"><span class='ocrx_word' id='word_1_43' title='bbox 301 675 560 740; x_wconf 81' lang='lat' dir='ltr'>nicitas.</span> <span class='ocrx_word' id='word_1_44' title='bbox 641 671 783 738; x_wconf 89' lang='lat' dir='ltr'>Hos</span> <span class='ocrx_word' id='word_1_45' title='bbox 831 669 1244 755; x_wconf 73' lang='lat' dir='ltr'>Spitamenes</span> <span class='ocrx_word' id='word_1_46' title='bbox 1292 672 1532 736; x_wconf 88' lang='lat' dir='ltr'>saltum</span> <span class='ocrx_word' id='word_1_47' title='bbox 1580 671 1915 737; x_wconf 86' lang='lat' dir='ltr'>circumire</span> <span class='ocrx_word' id='word_1_48' title='bbox 1960 672 2171 738; x_wconf 86' lang='lat' dir='ltr'>iussos</span> <span class='ocrx_word' id='word_1_49' title='bbox 2217 673 2463 756; x_wconf 85' lang='lat' dir='ltr'>pariter</span> <span class='ocrx_word' id='word_1_50' title='bbox 2508 677 2575 738; x_wconf 87' lang='lat' dir='ltr'>et</span> <span class='ocrx_word' id='word_1_51' title='bbox 2620 695 2659 738; x_wconf 89' lang='lat' dir='ltr'>a</span> 
     </span>
     <span class='ocr_line' id='line_1_9' title="bbox 305 759 2767 846; baseline -0.003 -19"><span class='ocrx_word' id='word_1_52' title='bbox 305 761 623 828; x_wconf 89' lang='lat' dir='ltr'>lateribus</span> <span class='ocrx_word' id='word_1_53' title='bbox 679 765 747 826; x_wconf 89' lang='lat' dir='ltr'>et</span> <span class='ocrx_word' id='word_1_54' title='bbox 803 783 842 826; x_wconf 88' lang='lat' dir='ltr'>a</span> <span class='ocrx_word' id='word_1_55' title='bbox 895 759 1112 827; x_wconf 85' lang='lat' dir='ltr'>fronte</span> <span class='ocrx_word' id='word_1_56' title='bbox 1165 763 1231 824; x_wconf 91' lang='lat' dir='ltr'>et</span> <span class='ocrx_word' id='word_1_57' title='bbox 1278 782 1317 824; x_wconf 97' lang='lat' dir='ltr'>a</span> <span class='ocrx_word' id='word_1_58' title='bbox 1359 764 1551 846; x_wconf 85' lang='lat' dir='ltr'>tergo</span> <span class='ocrx_word' id='word_1_59' title='bbox 1606 761 1783 825; x_wconf 88' lang='lat' dir='ltr'>hosti</span> <span class='ocrx_word' id='word_1_60' title='bbox 1839 761 2143 828; x_wconf 88' lang='lat' dir='ltr'>ostendit.</span> <span class='ocrx_word' id='word_1_61' title='bbox 2242 761 2658 827; x_wconf 80' lang='lat' dir='ltr'>Menedemus</span> <span class='ocrx_word' id='word_1_62' title='bbox 2697 771 2767 820; x_wconf 84' lang='lat'>34</span> 
     </span>
     <span class='ocr_line' id='line_1_10' title="bbox 305 849 2661 936; baseline -0 -20"><span class='ocrx_word' id='word_1_63' title='bbox 305 850 590 935; x_wconf 87' lang='lat' dir='ltr'>undique</span> <span class='ocrx_word' id='word_1_64' title='bbox 633 850 948 932; x_wconf 88' lang='lat' dir='ltr'>inclusus,</span> <span class='ocrx_word' id='word_1_65' title='bbox 1001 869 1084 914; x_wconf 91' lang='lat' dir='ltr'>ne</span> <span class='ocrx_word' id='word_1_66' title='bbox 1128 870 1398 915; x_wconf 91' lang='lat' dir='ltr'>numero</span> <span class='ocrx_word' id='word_1_67' title='bbox 1455 849 1716 934; x_wconf 87' lang='lat' dir='ltr'>quidem</span> <span class='ocrx_word' id='word_1_68' title='bbox 1759 871 1904 933; x_wconf 87' lang='lat' dir='ltr'>par,</span> <span class='ocrx_word' id='word_1_69' title='bbox 1961 850 2071 925; x_wconf 85' lang='lat' dir='ltr'>diu</span> <span class='ocrx_word' id='word_1_70' title='bbox 2124 854 2346 915; x_wconf 86' lang='lat' dir='ltr'>tamen</span> <span class='ocrx_word' id='word_1_71' title='bbox 2391 850 2661 936; x_wconf 87' lang='lat' dir='ltr'>resistit,</span> 
     </span>
     <span class='ocr_line' id='line_1_11' title="bbox 307 937 2662 1023; baseline 0 -19"><span class='ocrx_word' id='word_1_72' title='bbox 307 938 648 1004; x_wconf 85' lang='lat' dir='ltr'>clamitans</span> <span class='ocrx_word' id='word_1_73' title='bbox 692 938 860 1003; x_wconf 87' lang='lat' dir='ltr'>nihil</span> <span class='ocrx_word' id='word_1_74' title='bbox 907 937 1079 1002; x_wconf 87' lang='lat' dir='ltr'>aliud</span> <span class='ocrx_word' id='word_1_75' title='bbox 1126 959 1485 1021; x_wconf 88' lang='lat' dir='ltr'>superesse·</span> <span class='ocrx_word' id='word_1_76' title='bbox 1503 938 1795 1004; x_wconf 89' lang='lat' dir='ltr'>locorum</span> <span class='ocrx_word' id='word_1_77' title='bbox 1841 938 2069 1004; x_wconf 85' lang='lat' dir='ltr'>fraude</span> <span class='ocrx_word' id='word_1_78' title='bbox 2114 939 2421 1023; x_wconf 77' lang='lat' dir='ltr'>decept-is,</span> <span class='ocrx_word' id='word_1_79' title='bbox 2466 961 2662 1023; x_wconf 89' lang='lat' dir='ltr'>quam</span> 
     </span>
     <span class='ocr_line' id='line_1_12' title="bbox 309 1025 2769 1112; baseline -0.003 -20"><span class='ocrx_word' id='word_1_80' title='bbox 309 1028 624 1093; x_wconf 81' lang='lat' dir='ltr'>honestae</span> <span class='ocrx_word' id='word_1_81' title='bbox 661 1027 897 1092; x_wconf 88' lang='lat' dir='ltr'>mortis</span> <span class='ocrx_word' id='word_1_82' title='bbox 936 1025 1248 1091; x_wconf 87' lang='lat' dir='ltr'>solacium</span> <span class='ocrx_word' id='word_1_83' title='bbox 1288 1048 1365 1091; x_wconf 89' lang='lat' dir='ltr'>ex</span> <span class='ocrx_word' id='word_1_84' title='bbox 1401 1027 1690 1092; x_wconf 89' lang='lat' dir='ltr'>hostium</span> <span class='ocrx_word' id='word_1_85' title='bbox 1730 1027 1944 1092; x_wconf 88' lang='lat' dir='ltr'>caede.</span> <span class='ocrx_word' id='word_1_86' title='bbox 2016 1026 2255 1111; x_wconf 90' lang='lat' dir='ltr'>Ipsum·</span> <span class='ocrx_word' id='word_1_87' title='bbox 2277 1029 2659 1112; x_wconf 87' lang='lat' dir='ltr'>praevalens</span> <span class='ocrx_word' id='word_1_88' title='bbox 2698 1036 2769 1086; x_wconf 78' lang='lat'>35</span> 
     </span>
     <span class='ocr_line' id='line_1_13' title="bbox 310 1115 2662 1200; baseline -0 -19"><span class='ocrx_word' id='word_1_89' title='bbox 310 1137 514 1200; x_wconf 89' lang='lat' dir='ltr'>equus</span> <span class='ocrx_word' id='word_1_90' title='bbox 543 1115 840 1199; x_wconf 75' lang='lat' dir='ltr'>vehebat,</span> <span class='ocrx_word' id='word_1_91' title='bbox 870 1135 996 1198; x_wconf 89' lang='lat' dir='ltr'>quo</span> <span class='ocrx_word' id='word_1_92' title='bbox 1029 1115 1286 1198; x_wconf 88' lang='lat' dir='ltr'>saepius</span> <span class='ocrx_word' id='word_1_93' title='bbox 1315 1115 1386 1179; x_wconf 91' lang='lat' dir='ltr'>in</span> <span class='ocrx_word' id='word_1_94' title='bbox 1415 1137 1655 1181; x_wconf 88' lang='lat' dir='ltr'>cuneos</span> <span class='ocrx_word' id='word_1_95' title='bbox 1681 1117 2111 1181; x_wconf 87' lang='lat' dir='ltr'>barbarorum</span> <span class='ocrx_word' id='word_1_96' title='bbox 2138 1116 2359 1181; x_wconf 87' lang='lat' dir='ltr'>effusis</span> <span class='ocrx_word' id='word_1_97' title='bbox 2386 1116 2662 1181; x_wconf 85' lang='lat' dir='ltr'>habenis</span> 
     </span>
     <span class='ocr_line' id='line_1_14' title="bbox 311 1203 2768 1288; baseline 0 -19"><span class='ocrx_word' id='word_1_98' title='bbox 311 1208 574 1270; x_wconf 89' lang='lat' dir='ltr'>evectus</span> <span class='ocrx_word' id='word_1_99' title='bbox 639 1223 880 1288; x_wconf 84' lang='lat' dir='ltr'>magna</span> <span class='ocrx_word' id='word_1_100' title='bbox 944 1207 1162 1288; x_wconf 85' lang='lat' dir='ltr'>strage</span> <span class='ocrx_word' id='word_1_101' title='bbox 1229 1225 1339 1269; x_wconf 92' lang='lat' dir='ltr'>eos</span> <span class='ocrx_word' id='word_1_102' title='bbox 1393 1203 1670 1269; x_wconf 83' lang='lat' dir='ltr'>fuderat.</span> <span class='ocrx_word' id='word_1_103' title='bbox 1770 1203 1897 1269; x_wconf 85' lang='lat' dir='ltr'>Sed</span> <span class='ocrx_word' id='word_1_104' title='bbox 1961 1227 2107 1269; x_wconf 88' lang='lat' dir='ltr'>cum</span> <span class='ocrx_word' id='word_1_105' title='bbox 2170 1227 2371 1270; x_wconf 91' lang='lat' dir='ltr'>unum</span> <span class='ocrx_word' id='word_1_106' title='bbox 2438 1227 2663 1270; x_wconf 91' lang='lat' dir='ltr'>omnes</span> <span class='ocrx_word' id='word_1_107' title='bbox 2701 1203 2768 1264; x_wconf 79' lang='grc'>36</span> 
     </span>
     <span class='ocr_line' id='line_1_15' title="bbox 310 1289 2665 1378; baseline 0.001 -22"><span class='ocrx_word' id='word_1_108' title='bbox 310 1296 635 1378; x_wconf 90' lang='lat' dir='ltr'>peterent,</span> <span class='ocrx_word' id='word_1_109' title='bbox 689 1292 914 1357; x_wconf 89' lang='lat' dir='ltr'>multis</span> <span class='ocrx_word' id='word_1_110' title='bbox 978 1293 1352 1357; x_wconf 89' lang='lat' dir='ltr'>vulneribus</span> <span class='ocrx_word' id='word_1_111' title='bbox 1417 1293 1735 1376; x_wconf 85' lang='lat' dir='ltr'>exanguis</span> <span class='ocrx_word' id='word_1_112' title='bbox 1790 1289 2158 1378; x_wconf 85' lang='lat' dir='ltr'>Hypsidem</span> <span class='ocrx_word' id='word_1_113' title='bbox 2214 1294 2532 1378; x_wconf 86' lang='lat' dir='ltr'>quendam</span> <span class='ocrx_word' id='word_1_114' title='bbox 2588 1315 2665 1358; x_wconf 93' lang='lat' dir='ltr'>ex</span> 
     </span>
     <span class='ocr_line' id='line_1_16' title="bbox 313 1378 2667 1468; baseline 0 -21"><span class='ocrx_word' id='word_1_115' title='bbox 313 1382 542 1447; x_wconf 84' lang='lat' dir='ltr'>amicis</span> <span class='ocrx_word' id='word_1_116' title='bbox 587 1381 888 1448; x_wconf 85' lang='lat' dir='ltr'>hortatus</span> <span class='ocrx_word' id='word_1_117' title='bbox 935 1383 1061 1464; x_wconf 90' lang='lat' dir='ltr'>est,</span> <span class='ocrx_word' id='word_1_118' title='bbox 1107 1384 1182 1445; x_wconf 91' lang='lat' dir='ltr'>ut</span> <span class='ocrx_word' id='word_1_119' title='bbox 1226 1381 1294 1445; x_wconf 92' lang='lat' dir='ltr'>in</span> <span class='ocrx_word' id='word_1_120' title='bbox 1341 1403 1576 1465; x_wconf 89' lang='lat' dir='ltr'>equum</span> <span class='ocrx_word' id='word_1_121' title='bbox 1624 1404 1810 1446; x_wconf 88' lang='lat' dir='ltr'>suum</span> <span class='ocrx_word' id='word_1_122' title='bbox 1858 1378 2235 1446; x_wconf 82' lang='lat' dir='ltr'>ascenderet</span> <span class='ocrx_word' id='word_1_123' title='bbox 2279 1385 2346 1446; x_wconf 90' lang='lat' dir='ltr'>et</span> <span class='ocrx_word' id='word_1_124' title='bbox 2392 1405 2463 1447; x_wconf 86' lang='lat' dir='ltr'>se</span> <span class='ocrx_word' id='word_1_125' title='bbox 2506 1382 2667 1468; x_wconf 85' lang='lat' dir='ltr'>fuga</span> 
     </span>
     <span class='ocr_line' id='line_1_17' title="bbox 311 1469 2667 1555; baseline -0 -19"><span class='ocrx_word' id='word_1_126' title='bbox 311 1471 612 1554; x_wconf 87' lang='lat' dir='ltr'>eriperet.</span> <span class='ocrx_word' id='word_1_127' title='bbox 703 1469 886 1536; x_wconf 88' lang='lat' dir='ltr'>Haec</span> <span class='ocrx_word' id='word_1_128' title='bbox 933 1473 1230 1554; x_wconf 84' lang='lat' dir='ltr'>agentem</span> <span class='ocrx_word' id='word_1_129' title='bbox 1284 1470 1504 1534; x_wconf 90' lang='lat' dir='ltr'>anima</span> <span class='ocrx_word' id='word_1_130' title='bbox 1550 1469 1787 1535; x_wconf 83' lang='lat' dir='ltr'>defecit</span> <span class='ocrx_word' id='word_1_131' title='bbox 1830 1491 2191 1555; x_wconf 84' lang='lat' dir='ltr'>corpusque</span> <span class='ocrx_word' id='word_1_132' title='bbox 2237 1492 2317 1535; x_wconf 87' lang='lat' dir='ltr'>ex</span> <span class='ocrx_word' id='word_1_133' title='bbox 2364 1491 2529 1555; x_wconf 89' lang='lat' dir='ltr'>equo</span> <span class='ocrx_word' id='word_1_134' title='bbox 2568 1477 2667 1535; x_wconf 89' lang='lat' dir='ltr'>de·</span> 
     </span>
     <span class='ocr_line' id='line_1_18' title="bbox 309 1557 2773 1643; baseline 0.001 -21"><span class='ocrx_word' id='word_1_135' title='bbox 309 1559 503 1624; x_wconf 89' lang='lat' dir='ltr'>fluxit</span> <span class='ocrx_word' id='word_1_136' title='bbox 537 1559 608 1624; x_wconf 91' lang='lat' dir='ltr'>in</span> <span class='ocrx_word' id='word_1_137' title='bbox 641 1561 903 1624; x_wconf 89' lang='lat' dir='ltr'>terram.</span> <span class='ocrx_word' id='word_1_138' title='bbox 981 1557 1305 1643; x_wconf 79' lang='lat' dir='ltr'>Hypsides</span> <span class='ocrx_word' id='word_1_139' title='bbox 1341 1562 1604 1642; x_wconf 90' lang='lat' dir='ltr'>poterat</span> <span class='ocrx_word' id='word_1_140' title='bbox 1640 1559 1899 1642; x_wconf 88' lang='lat' dir='ltr'>quidem</span> <span class='ocrx_word' id='word_1_141' title='bbox 1936 1559 2237 1643; x_wconf 85' lang='lat' dir='ltr'>effugere,</span> <span class='ocrx_word' id='word_1_142' title='bbox 2275 1559 2387 1623; x_wconf 90' lang='lat' dir='ltr'>sed</span> <span class='ocrx_word' id='word_1_143' title='bbox 2426 1559 2666 1625; x_wconf 89' lang='lat' dir='ltr'>amisso</span> <span class='ocrx_word' id='word_1_144' title='bbox 2704 1569 2773 1619; x_wconf 76' lang='lat'>3⁷</span> 
     </span>
     <span class='ocr_line' id='line_1_19' title="bbox 315 1645 2669 1732; baseline 0.001 -21"><span class='ocrx_word' id='word_1_145' title='bbox 315 1646 524 1712; x_wconf 90' lang='lat' dir='ltr'>amico</span> <span class='ocrx_word' id='word_1_146' title='bbox 561 1649 730 1712; x_wconf 90' lang='lat' dir='ltr'>mori</span> <span class='ocrx_word' id='word_1_147' title='bbox 766 1645 1017 1713; x_wconf 88' lang='lat' dir='ltr'>statuit.</span> <span class='ocrx_word' id='word_1_148' title='bbox 1100 1646 1252 1712; x_wconf 90' lang='lat' dir='ltr'>Una</span> <span class='ocrx_word' id='word_1_149' title='bbox 1297 1651 1438 1712; x_wconf 85' lang='lat' dir='ltr'>erat</span> <span class='ocrx_word' id='word_1_150' title='bbox 1483 1669 1656 1732; x_wconf 84' lang='lat' dir='ltr'>cura,</span> <span class='ocrx_word' id='word_1_151' title='bbox 1701 1671 1783 1713; x_wconf 90' lang='lat' dir='ltr'>ne</span> <span class='ocrx_word' id='word_1_152' title='bbox 1828 1648 2075 1713; x_wconf 88' lang='lat' dir='ltr'>inultus</span> <span class='ocrx_word' id='word_1_153' title='bbox 2123 1647 2457 1713; x_wconf 89' lang='lat' dir='ltr'>occideret.</span> <span class='ocrx_word' id='word_1_154' title='bbox 2538 1647 2669 1713; x_wconf 90' lang='lat' dir='ltr'>Ita-</span> 
     </span>
     <span class='ocr_line' id='line_1_20' title="bbox 315 1735 2671 1821; baseline 0 -21"><span class='ocrx_word' id='word_1_155' title='bbox 315 1756 439 1821; x_wconf 89' lang='lat' dir='ltr'>que</span> <span class='ocrx_word' id='word_1_156' title='bbox 497 1736 775 1801; x_wconf 88' lang='lat' dir='ltr'>subditis</span> <span class='ocrx_word' id='word_1_157' title='bbox 838 1735 1199 1801; x_wconf 89' lang='lat' dir='ltr'>calcaribus</span> <span class='ocrx_word' id='word_1_158' title='bbox 1255 1757 1420 1819; x_wconf 89' lang='lat' dir='ltr'>equo</span> <span class='ocrx_word' id='word_1_159' title='bbox 1478 1736 1549 1800; x_wconf 90' lang='lat' dir='ltr'>in</span> <span class='ocrx_word' id='word_1_160' title='bbox 1602 1736 1851 1802; x_wconf 89' lang='lat' dir='ltr'>medios</span> <span class='ocrx_word' id='word_1_161' title='bbox 1906 1736 2117 1802; x_wconf 89' lang='lat' dir='ltr'>hostis</span> <span class='ocrx_word' id='word_1_162' title='bbox 2174 1758 2243 1800; x_wconf 90' lang='lat' dir='ltr'>se</span> <span class='ocrx_word' id='word_1_163' title='bbox 2302 1736 2551 1801; x_wconf 79' lang='lat' dir='ltr'>inmisit</span> <span class='ocrx_word' id='word_1_164' title='bbox 2604 1740 2671 1801; x_wconf 92' lang='lat' dir='ltr'>et</span> 
     </span>
     <span class='ocr_line' id='line_1_21' title="bbox 316 1823 2774 1908; baseline -0.001 -20"><span class='ocrx_word' id='word_1_165' title='bbox 316 1825 726 1889; x_wconf 90' lang='lat' dir='ltr'>memorabili</span> <span class='ocrx_word' id='word_1_166' title='bbox 780 1823 954 1890; x_wconf 85' lang='lat' dir='ltr'>edita</span> <span class='ocrx_word' id='word_1_167' title='bbox 1006 1844 1230 1908; x_wconf 89' lang='lat' dir='ltr'>pugna</span> <span class='ocrx_word' id='word_1_168' title='bbox 1284 1826 1557 1890; x_wconf 89' lang='lat' dir='ltr'>obrutus</span> <span class='ocrx_word' id='word_1_169' title='bbox 1612 1825 1763 1890; x_wconf 88' lang='lat' dir='ltr'>telis</span> <span class='ocrx_word' id='word_1_170' title='bbox 1818 1828 1935 1890; x_wconf 92' lang='lat' dir='ltr'>est.</span> <span class='ocrx_word' id='word_1_171' title='bbox 2028 1825 2215 1902; x_wconf 79' lang='lat' dir='ltr'>Quod</span> <span class='ocrx_word' id='word_1_172' title='bbox 2271 1825 2381 1890; x_wconf 90' lang='lat' dir='ltr'>ubi</span> <span class='ocrx_word' id='word_1_173' title='bbox 2434 1825 2669 1905; x_wconf 86' lang='lat' dir='ltr'>videre,</span> <span class='ocrx_word' id='word_1_174' title='bbox 2706 1836 2774 1886; x_wconf 85' lang='lat'>38</span> 
     </span>
     <span class='ocr_line' id='line_1_22' title="bbox 319 1913 2671 1998; baseline 0.001 -22"><span class='ocrx_word' id='word_1_175' title='bbox 319 1913 433 1996; x_wconf 87' lang='lat' dir='ltr'>qui</span> <span class='ocrx_word' id='word_1_176' title='bbox 487 1913 671 1978; x_wconf 90' lang='lat' dir='ltr'>caedi</span> <span class='ocrx_word' id='word_1_177' title='bbox 727 1917 1132 1998; x_wconf 85' lang='lat' dir='ltr'>supererant,</span> <span class='ocrx_word' id='word_1_178' title='bbox 1191 1914 1516 1978; x_wconf 90' lang='lat' dir='ltr'>tumulum</span> <span class='ocrx_word' id='word_1_179' title='bbox 1570 1914 1791 1998; x_wconf 31' lang='lat' dir='ltr'>paulo,</span> <span class='ocrx_word' id='word_1_180' title='bbox 1824 1935 2018 1998; x_wconf 90' lang='lat' dir='ltr'>quam</span> <span class='ocrx_word' id='word_1_181' title='bbox 2072 1917 2287 1979; x_wconf 90' lang='lat' dir='ltr'>cetera</span> <span class='ocrx_word' id='word_1_182' title='bbox 2332 1914 2671 1978; x_wconf 87' lang='lat' dir='ltr'>editiorem</span> 
     </span>
     <span class='ocr_line' id='line_1_23' title="bbox 321 1996 2798 2087; baseline 0.001 -21"><span class='ocrx_word' id='word_1_183' title='bbox 321 2002 612 2084; x_wconf 84' lang='lat' dir='ltr'>capiunt:</span> <span class='ocrx_word' id='word_1_184' title='bbox 669 2024 830 2087; x_wconf 89' lang='lat' dir='ltr'>quos</span> <span class='ocrx_word' id='word_1_185' title='bbox 879 2001 1290 2086; x_wconf 84' lang='lat' dir='ltr'>Spitamenes</span> <span class='ocrx_word' id='word_1_186' title='bbox 1349 2001 1520 2067; x_wconf 85' lang='lat' dir='ltr'>fame</span> <span class='ocrx_word' id='word_1_187' title='bbox 1569 2005 1637 2067; x_wconf 92' lang='lat' dir='ltr'>in</span> <span class='ocrx_word' id='word_1_188' title='bbox 1684 2002 2075 2068; x_wconf 88' lang='lat' dir='ltr'>deditionem</span> <span class='ocrx_word' id='word_1_189' title='bbox 2125 2003 2509 2068; x_wconf 81' lang='lat' dir='ltr'>subacturus</span> <span class='ocrx_word' id='word_1_190' title='bbox 2557 2004 2669 2068; x_wconf 88' lang='lat' dir='ltr'>ob·</span> <span class='ocrx_word' id='word_1_191' title='bbox 2785 1996 2798 2009; x_wconf 82' lang='grc'><strong>’</strong></span> 
     </span>
     <span class='ocr_line' id='line_1_24' title="bbox 320 2088 2776 2176; baseline -0.001 -22"><span class='ocrx_word' id='word_1_192' title='bbox 320 2088 508 2154; x_wconf 88' lang='lat' dir='ltr'>sedit.</span> <span class='ocrx_word' id='word_1_193' title='bbox 591 2088 893 2155; x_wconf 82' lang='lat' dir='ltr'>Cecidere</span> <span class='ocrx_word' id='word_1_194' title='bbox 922 2111 997 2156; x_wconf 92' lang='lat' dir='ltr'>eo</span> <span class='ocrx_word' id='word_1_195' title='bbox 1025 2092 1276 2175; x_wconf 91' lang='lat' dir='ltr'>proelio</span> <span class='ocrx_word' id='word_1_196' title='bbox 1305 2090 1597 2175; x_wconf 90' lang='lat' dir='ltr'>peditum</span> <span class='ocrx_word' id='word_1_197' title='bbox 1634 2109 1687 2155; x_wconf 88' lang='grc' dir='ltr'>Π</span> <span class='ocrx_word' id='word_1_198' title='bbox 1722 2092 1926 2176; x_wconf 84' lang='lat' dir='ltr'>milia,</span> <span class='ocrx_word' id='word_1_199' title='bbox 1964 2107 2091 2158; x_wconf 91' lang='grc'>000</span> <span class='ocrx_word' id='word_1_200' title='bbox 2120 2092 2387 2176; x_wconf 88' lang='lat' dir='ltr'>equites.</span> <span class='ocrx_word' id='word_1_201' title='bbox 2462 2091 2670 2168; x_wconf 80' lang='lat' dir='ltr'>Quam</span> <span class='ocrx_word' id='word_1_202' title='bbox 2708 2102 2776 2151; x_wconf 82' lang='lat'>39</span> 
     </span>
     <span class='ocr_line' id='line_1_25' title="bbox 317 2178 2671 2264; baseline 0.001 -22"><span class='ocrx_word' id='word_1_203' title='bbox 317 2178 564 2243; x_wconf 90' lang='lat' dir='ltr'>cladem</span> <span class='ocrx_word' id='word_1_204' title='bbox 601 2179 971 2244; x_wconf 86' lang='lat' dir='ltr'>Alexander</span> <span class='ocrx_word' id='word_1_205' title='bbox 1019 2181 1270 2245; x_wconf 88' lang='lat' dir='ltr'>sollerti</span> <span class='ocrx_word' id='word_1_206' title='bbox 1317 2180 1591 2246; x_wconf 88' lang='lat' dir='ltr'>consilio</span> <span class='ocrx_word' id='word_1_207' title='bbox 1638 2180 1835 2259; x_wconf 86' lang='lat' dir='ltr'>texit,</span> <span class='ocrx_word' id='word_1_208' title='bbox 1880 2185 2091 2245; x_wconf 88' lang='lat' dir='ltr'>morte</span> <span class='ocrx_word' id='word_1_209' title='bbox 2137 2181 2522 2245; x_wconf 90' lang='lat' dir='ltr'>denuntiata</span> <span class='ocrx_word' id='word_1_210' title='bbox 2567 2180 2671 2264; x_wconf 91' lang='lat' dir='ltr'>iis,</span> 
     </span>
     <span class='ocr_line' id='line_1_26' title="bbox 321 2267 2071 2354; baseline 0.001 -22"><span class='ocrx_word' id='word_1_211' title='bbox 321 2267 434 2350; x_wconf 91' lang='lat' dir='ltr'>qui</span> <span class='ocrx_word' id='word_1_212' title='bbox 482 2287 559 2332; x_wconf 85' lang='lat' dir='ltr'>ex</span> <span class='ocrx_word' id='word_1_213' title='bbox 603 2268 857 2352; x_wconf 87' lang='lat' dir='ltr'>proelio</span> <span class='ocrx_word' id='word_1_214' title='bbox 907 2269 1325 2354; x_wconf 87' lang='lat' dir='ltr'>advenerant,</span> <span class='ocrx_word' id='word_1_215' title='bbox 1373 2269 1430 2334; x_wconf 91' lang='lat' dir='ltr'>si</span> <span class='ocrx_word' id='word_1_216' title='bbox 1477 2272 1626 2334; x_wconf 88' lang='lat' dir='ltr'>acta</span> <span class='ocrx_word' id='word_1_217' title='bbox 1670 2269 2071 2354; x_wconf 87' lang='lat' dir='ltr'>vulgassent.</span> 
     </span>
    </p>
   </div>
   <div class='ocr_carea' id='block_1_4' title="bbox 1301 2444 1693 2513">
    <p class='ocr_par' dir='ltr' id='par_1_4' title="bbox 1301 2444 1693 2513">
     <span class='ocr_line' id='line_1_27' title="bbox 1301 2444 1693 2513; baseline 0 -2"><span class='ocrx_word' id='word_1_218' title='bbox 1301 2444 1463 2512; x_wconf 66' lang='lat' dir='ltr'>Cu».</span> <span class='ocrx_word' id='word_1_219' title='bbox 1509 2444 1693 2513; x_wconf 87' lang='lat' dir='ltr'>VIII.</span> 
     </span>
    </p>
   </div>
   <div class='ocr_carea' id='block_1_5' title="bbox 315 2566 2744 3453">
    <p class='ocr_par' dir='ltr' id='par_1_5' title="bbox 315 2566 2744 3453">
     <span class='ocr_line' id='line_1_28' title="bbox 499 2566 2741 2656; baseline 0.001 -23"><span class='ocrx_word' id='word_1_220' title='bbox 499 2566 801 2634; x_wconf 81' lang='lat' dir='ltr'>Ceterum</span> <span class='ocrx_word' id='word_1_221' title='bbox 859 2592 1003 2635; x_wconf 91' lang='lat' dir='ltr'>cum</span> <span class='ocrx_word' id='word_1_222' title='bbox 1061 2572 1278 2637; x_wconf 89' lang='lat' dir='ltr'>animo</span> <span class='ocrx_word' id='word_1_223' title='bbox 1337 2570 1661 2656; x_wconf 87' lang='lat' dir='ltr'>disparem</span> <span class='ocrx_word' id='word_1_224' title='bbox 1716 2571 1970 2637; x_wconf 90' lang='lat' dir='ltr'>vultum</span> <span class='ocrx_word' id='word_1_225' title='bbox 2028 2570 2271 2637; x_wconf 90' lang='lat' dir='ltr'>diutius</span> <span class='ocrx_word' id='word_1_226' title='bbox 2326 2572 2495 2637; x_wconf 86' lang='lat' dir='ltr'>ferre</span> <span class='ocrx_word' id='word_1_227' title='bbox 2540 2594 2672 2637; x_wconf 89' lang='lat' dir='ltr'>non</span> <span class='ocrx_word' id='word_1_228' title='bbox 2713 2581 2741 2629; x_wconf 89' lang='lat'>1</span> 
     </span>
     <span class='ocr_line' id='line_1_29' title="bbox 317 2658 2677 2744; baseline 0.003 -25"><span class='ocrx_word' id='word_1_229' title='bbox 317 2659 568 2739; x_wconf 89' lang='lat' dir='ltr'>posset,</span> <span class='ocrx_word' id='word_1_230' title='bbox 635 2658 706 2723; x_wconf 90' lang='lat' dir='ltr'>in</span> <span class='ocrx_word' id='word_1_231' title='bbox 776 2658 1269 2725; x_wconf 86' lang='lat' dir='ltr'>tabernaculum</span> <span class='ocrx_word' id='word_1_232' title='bbox 1333 2682 1525 2744; x_wconf 88' lang='lat' dir='ltr'>super</span> <span class='ocrx_word' id='word_1_233' title='bbox 1589 2661 1800 2744; x_wconf 86' lang='lat' dir='ltr'>ripam</span> <span class='ocrx_word' id='word_1_234' title='bbox 1864 2660 2146 2725; x_wconf 87' lang='lat' dir='ltr'>fluminis</span> <span class='ocrx_word' id='word_1_235' title='bbox 2212 2661 2291 2725; x_wconf 91' lang='lat' dir='ltr'>de</span> <span class='ocrx_word' id='word_1_236' title='bbox 2352 2660 2677 2725; x_wconf 89' lang='lat' dir='ltr'>industria</span> 
     </span>
     <span class='ocr_line' id='line_1_30' title="bbox 319 2744 2742 2832; baseline 0.003 -24"><span class='ocrx_word' id='word_1_237' title='bbox 319 2744 608 2808; x_wconf 88' lang='lat' dir='ltr'>locatum</span> <span class='ocrx_word' id='word_1_238' title='bbox 671 2747 956 2811; x_wconf 87' lang='lat' dir='ltr'>secessit.</span> <span class='ocrx_word' id='word_1_239' title='bbox 1064 2746 1168 2811; x_wconf 91' lang='lat' dir='ltr'>Ibi</span> <span class='ocrx_word' id='word_1_240' title='bbox 1241 2748 1378 2811; x_wconf 91' lang='lat' dir='ltr'>sine</span> <span class='ocrx_word' id='word_1_241' title='bbox 1449 2749 1716 2813; x_wconf 88' lang='lat' dir='ltr'>arbitris</span> <span class='ocrx_word' id='word_1_242' title='bbox 1782 2748 2043 2832; x_wconf 67' lang='lat' dir='ltr'>singula</span> <span class='ocrx_word' id='word_1_243' title='bbox 2106 2748 2310 2813; x_wconf 88' lang='lat' dir='ltr'>animi</span> <span class='ocrx_word' id='word_1_244' title='bbox 2374 2750 2675 2815; x_wconf 73' lang='lat' dir='ltr'>consulta</span> <span class='ocrx_word' id='word_1_245' title='bbox 2710 2759 2742 2807; x_wconf 83' lang='lat'><strong>2</strong></span> 
     </span>
     <span class='ocr_line' id='line_1_31' title="bbox 317 2832 2674 2920; baseline 0.003 -25"><span class='ocrx_word' id='word_1_246' title='bbox 317 2832 650 2917; x_wconf 89' lang='lat' dir='ltr'>pensando</span> <span class='ocrx_word' id='word_1_247' title='bbox 705 2836 967 2898; x_wconf 89' lang='lat' dir='ltr'>noctem</span> <span class='ocrx_word' id='word_1_248' title='bbox 1025 2834 1272 2919; x_wconf 84' lang='lat' dir='ltr'>vigiliis</span> <span class='ocrx_word' id='word_1_249' title='bbox 1329 2838 1611 2901; x_wconf 83' lang='lat' dir='ltr'>extraxit</span> <span class='ocrx_word' id='word_1_250' title='bbox 1664 2858 1855 2920; x_wconf 87' lang='lat' dir='ltr'>saepe</span> <span class='ocrx_word' id='word_1_251' title='bbox 1918 2836 2203 2920; x_wconf 89' lang='lat' dir='ltr'>pellibus</span> <span class='ocrx_word' id='word_1_252' title='bbox 2264 2836 2674 2902; x_wconf 87' lang='lat' dir='ltr'>tabernaculi</span> 
     </span>
     <span class='ocr_line' id='line_1_32' title="bbox 322 2920 2673 3010; baseline 0.003 -27"><span class='ocrx_word' id='word_1_253' title='bbox 322 2920 665 3007; x_wconf 85' lang='lat' dir='ltr'>adlevatis,</span> <span class='ocrx_word' id='word_1_254' title='bbox 732 2925 805 2986; x_wconf 90' lang='lat' dir='ltr'>ut</span> <span class='ocrx_word' id='word_1_255' title='bbox 861 2922 1261 3007; x_wconf 90' lang='lat' dir='ltr'>conspiceret</span> <span class='ocrx_word' id='word_1_256' title='bbox 1313 2922 1605 2990; x_wconf 88' lang='lat' dir='ltr'>hostium</span> <span class='ocrx_word' id='word_1_257' title='bbox 1658 2926 1845 3010; x_wconf 84' lang='lat' dir='ltr'>ignes</span> <span class='ocrx_word' id='word_1_258' title='bbox 1854 2976 1873 3009; x_wconf 91' lang='lat'>,</span> <span class='ocrx_word' id='word_1_259' title='bbox 1930 2948 1964 2989; x_wconf 91' lang='lat' dir='ltr'>e</span> <span class='ocrx_word' id='word_1_260' title='bbox 2022 2925 2254 3010; x_wconf 91' lang='lat' dir='ltr'>quibus</span> <span class='ocrx_word' id='word_1_261' title='bbox 2314 2926 2673 2990; x_wconf 87' lang='lat' dir='ltr'>coniectare</span> 
     </span>
     <span class='ocr_line' id='line_1_33' title="bbox 319 3010 2741 3098; baseline -0 -23"><span class='ocrx_word' id='word_1_262' title='bbox 319 3012 610 3093; x_wconf 87' lang='lat' dir='ltr'>poterat,</span> <span class='ocrx_word' id='word_1_263' title='bbox 675 3014 920 3095; x_wconf 88' lang='lat' dir='ltr'>quanta</span> <span class='ocrx_word' id='word_1_264' title='bbox 974 3010 1310 3078; x_wconf 89' lang='lat' dir='ltr'>hominum</span> <span class='ocrx_word' id='word_1_265' title='bbox 1371 3014 1722 3079; x_wconf 86' lang='lat' dir='ltr'>multitudo</span> <span class='ocrx_word' id='word_1_266' title='bbox 1786 3017 1977 3079; x_wconf 88' lang='lat' dir='ltr'>esset.</span> <span class='ocrx_word' id='word_1_267' title='bbox 2073 3012 2340 3098; x_wconf 89' lang='lat' dir='ltr'>Iamque</span> <span class='ocrx_word' id='word_1_268' title='bbox 2394 3014 2509 3077; x_wconf 92' lang='lat' dir='ltr'>lux</span> <span class='ocrx_word' id='word_1_269' title='bbox 2561 3013 2672 3078; x_wconf 89' lang='lat' dir='ltr'>ad·</span> <span class='ocrx_word' id='word_1_270' title='bbox 2710 3026 2741 3073; x_wconf 89' lang='lat'><strong>3</strong></span> 
     </span>
     <span class='ocr_line' id='line_1_34' title="bbox 317 3098 2673 3186; baseline 0.001 -24"><span class='ocrx_word' id='word_1_271' title='bbox 317 3098 604 3183; x_wconf 87' lang='lat' dir='ltr'>petebat,</span> <span class='ocrx_word' id='word_1_272' title='bbox 643 3120 787 3164; x_wconf 89' lang='lat' dir='ltr'>cum</span> <span class='ocrx_word' id='word_1_273' title='bbox 813 3099 1149 3165; x_wconf 86' lang='lat' dir='ltr'>thoracem</span> <span class='ocrx_word' id='word_1_274' title='bbox 1176 3100 1443 3166; x_wconf 88' lang='lat' dir='ltr'>indutus</span> <span class='ocrx_word' id='word_1_275' title='bbox 1471 3102 1764 3186; x_wconf 89' lang='lat' dir='ltr'>procedit</span> <span class='ocrx_word' id='word_1_276' title='bbox 1798 3102 1883 3165; x_wconf 90' lang='lat' dir='ltr'>ad</span> <span class='ocrx_word' id='word_1_277' title='bbox 1916 3101 2178 3181; x_wconf 77' lang='lat' dir='ltr'>milites,</span> <span class='ocrx_word' id='word_1_278' title='bbox 2213 3106 2357 3166; x_wconf 90' lang='lat' dir='ltr'>tum</span> <span class='ocrx_word' id='word_1_279' title='bbox 2388 3102 2673 3186; x_wconf 90' lang='lat' dir='ltr'>primum</span> 
     </span>
     <span class='ocr_line' id='line_1_35' title="bbox 315 3188 2744 3275; baseline -0 -24"><span class='ocrx_word' id='word_1_280' title='bbox 315 3190 471 3270; x_wconf 89' lang='lat' dir='ltr'>post</span> <span class='ocrx_word' id='word_1_281' title='bbox 519 3188 750 3253; x_wconf 90' lang='lat' dir='ltr'>vulnus</span> <span class='ocrx_word' id='word_1_282' title='bbox 786 3190 1081 3272; x_wconf 85' lang='lat' dir='ltr'>proxime</span> <span class='ocrx_word' id='word_1_283' title='bbox 1119 3194 1470 3275; x_wconf 85' lang='lat' dir='ltr'>acceptum.</span> <span class='ocrx_word' id='word_1_284' title='bbox 1554 3190 1769 3255; x_wconf 85' lang='lat' dir='ltr'>Tanta</span> <span class='ocrx_word' id='word_1_285' title='bbox 1807 3195 1948 3255; x_wconf 90' lang='lat' dir='ltr'>erat</span> <span class='ocrx_word' id='word_1_286' title='bbox 1986 3190 2157 3274; x_wconf 90' lang='lat' dir='ltr'>apud</span> <span class='ocrx_word' id='word_1_287' title='bbox 2194 3211 2301 3255; x_wconf 90' lang='lat' dir='ltr'>eos</span> <span class='ocrx_word' id='word_1_288' title='bbox 2338 3189 2671 3256; x_wconf 90' lang='lat' dir='ltr'>veneratio</span> <span class='ocrx_word' id='word_1_289' title='bbox 2710 3202 2744 3249; x_wconf 86' lang='lat'>4</span> 
     </span>
     <span class='ocr_line' id='line_1_36' title="bbox 315 3275 2672 3363; baseline 0.002 -24"><span class='ocrx_word' id='word_1_290' title='bbox 315 3275 520 3362; x_wconf 86' lang='lat' dir='ltr'>regis,</span> <span class='ocrx_word' id='word_1_291' title='bbox 579 3281 653 3342; x_wconf 91' lang='lat' dir='ltr'>ut</span> <span class='ocrx_word' id='word_1_292' title='bbox 706 3276 900 3343; x_wconf 87' lang='lat' dir='ltr'>facile</span> <span class='ocrx_word' id='word_1_293' title='bbox 953 3277 1254 3362; x_wconf 87' lang='lat' dir='ltr'>periculi,</span> <span class='ocrx_word' id='word_1_294' title='bbox 1311 3278 1485 3363; x_wconf 90' lang='lat' dir='ltr'>quod</span> <span class='ocrx_word' id='word_1_295' title='bbox 1532 3278 1916 3362; x_wconf 84' lang='lat' dir='ltr'>horrebant,</span> <span class='ocrx_word' id='word_1_296' title='bbox 1978 3278 2445 3363; x_wconf 84' lang='lat' dir='ltr'>cogitationem</span> <span class='ocrx_word' id='word_1_297' title='bbox 2490 3302 2672 3363; x_wconf 86' lang='lat' dir='ltr'>prae·</span> 
     </span>
     <span class='ocr_line' id='line_1_37' title="bbox 319 3364 2742 3453; baseline 0 -26"><span class='ocrx_word' id='word_1_298' title='bbox 319 3366 529 3430; x_wconf 90' lang='lat' dir='ltr'>sentia</span> <span class='ocrx_word' id='word_1_299' title='bbox 557 3366 693 3431; x_wconf 89' lang='lat' dir='ltr'>eius</span> <span class='ocrx_word' id='word_1_300' title='bbox 723 3369 1070 3433; x_wconf 83' lang='lat' dir='ltr'>excuteret.</span> <span class='ocrx_word' id='word_1_301' title='bbox 1143 3364 1332 3431; x_wconf 89' lang='lat' dir='ltr'>Laeti</span> <span class='ocrx_word' id='word_1_302' title='bbox 1369 3388 1526 3451; x_wconf 88' lang='lat' dir='ltr'>ergo</span> <span class='ocrx_word' id='word_1_303' title='bbox 1566 3371 1633 3432; x_wconf 91' lang='lat' dir='ltr'>et</span> <span class='ocrx_word' id='word_1_304' title='bbox 1660 3368 2077 3435; x_wconf 87' lang='lat' dir='ltr'>manantibus</span> <span class='ocrx_word' id='word_1_305' title='bbox 2115 3368 2354 3453; x_wconf 81' lang='lat' dir='ltr'>gaudio</span> <span class='ocrx_word' id='word_1_306' title='bbox 2383 3367 2672 3434; x_wconf 87' lang='lat' dir='ltr'>lacrimis</span> <span class='ocrx_word' id='word_1_307' title='bbox 2710 3378 2742 3427; x_wconf 76' lang='grc' dir='ltr'>ὅ</span> 
     </span>
    </p>
   </div>
   <div class='ocr_carea' id='block_1_6' title="bbox 317 3556 2673 3842">
    <p class='ocr_par' dir='ltr' id='par_1_6' title="bbox 317 3556 2673 3842">
     <span class='ocr_line' id='line_1_38' title="bbox 395 3556 2673 3627; baseline 0.003 -18"><span class='ocrx_word' id='word_1_308' title='bbox 395 3560 481 3611; x_wconf 76' lang='grc'><strong>32.</strong></span> <span class='ocrx_word' id='word_1_309' title='bbox 538 3558 692 3627; x_wconf 74' lang='lat' dir='ltr'>equi</span> <span class='ocrx_word' id='word_1_310' title='bbox 728 3556 775 3613; x_wconf 80' lang='lat' dir='ltr'>b.</span> <span class='ocrx_word' id='word_1_311' title='bbox 816 3576 867 3614; x_wconf 83' lang='lat' dir='ltr'>a.</span> <span class='ocrx_word' id='word_1_312' title='bbox 905 3558 1151 3613; x_wconf 77' lang='lat' dir='ltr'>vehunt</span> <span class='ocrx_word' id='word_1_313' title='bbox 1187 3558 1293 3613; x_wconf 88' lang='lat' dir='ltr'>etc.</span> <span class='ocrx_word' id='word_1_314' title='bbox 1366 3556 1442 3611; x_wconf 84' lang='lat' dir='ltr'>Es</span> <span class='ocrx_word' id='word_1_315' title='bbox 1555 3557 1709 3613; x_wconf 79' lang='lat' dir='ltr'>Ganz</span> <span class='ocrx_word' id='word_1_316' title='bbox 1746 3558 1951 3615; x_wconf 83' lang='lat' dir='ltr'>ebenso</span> <span class='ocrx_word' id='word_1_317' title='bbox 1980 3558 2103 3615; x_wconf 89' lang='lat' dir='ltr'>Liv.</span> <span class='ocrx_word' id='word_1_318' title='bbox 2134 3566 2183 3616; x_wconf 81' lang='lat'>2.</span> <span class='ocrx_word' id='word_1_319' title='bbox 2214 3566 2300 3616; x_wconf 81' lang='lat'>20.</span> <span class='ocrx_word' id='word_1_320' title='bbox 2334 3566 2365 3616; x_wconf 85' lang='lat'>3</span> <span class='ocrx_word' id='word_1_321' title='bbox 2394 3560 2673 3615; x_wconf 71' lang='lat' dir='ltr'>moribun-</span> 
     </span>
     <span class='ocr_line' id='line_1_39' title="bbox 317 3625 2294 3711; baseline 0.004 -31"><span class='ocrx_word' id='word_1_322' title='bbox 317 3625 462 3680; x_wconf 81' lang='lat' dir='ltr'>wird</span> <span class='ocrx_word' id='word_1_323' title='bbox 517 3626 608 3682; x_wconf 87' lang='lat' dir='ltr'>die</span> <span class='ocrx_word' id='word_1_324' title='bbox 663 3627 1038 3711; x_wconf 80' lang='lat' dir='ltr'>Kampfweise</span> <span class='ocrx_word' id='word_1_325' title='bbox 1095 3628 1194 3683; x_wconf 89' lang='lat' dir='ltr'>der</span> <span class='ocrx_word' id='word_1_326' title='bbox 1247 3628 1442 3683; x_wconf 90' lang='lat' dir='ltr'>Dahae</span> <span class='ocrx_word' id='word_1_327' title='bbox 1552 3630 1658 3683; x_wconf 79' lang='lat' dir='ltr'>dus</span> <span class='ocrx_word' id='word_1_328' title='bbox 1695 3630 1771 3685; x_wconf 80' lang='lat' dir='ltr'>ad</span> <span class='ocrx_word' id='word_1_329' title='bbox 1804 3635 2009 3685; x_wconf 84' lang='lat' dir='ltr'>terram</span> <span class='ocrx_word' id='word_1_330' title='bbox 2046 3632 2294 3701; x_wconf 79' lang='lat' dir='ltr'>defluxit.</span> 
     </span>
     <span class='ocr_line' id='line_1_40' title="bbox 317 3698 2673 3771; baseline 0.001 -20"><span class='ocrx_word' id='word_1_331' title='bbox 317 3698 390 3765; x_wconf 82' lang='grc'><strong>(4.</strong></span> <span class='ocrx_word' id='word_1_332' title='bbox 423 3702 505 3752; x_wconf 84' lang='lat'>12.</span> <span class='ocrx_word' id='word_1_333' title='bbox 538 3700 592 3767; x_wconf 80' lang='lat'>6)</span> <span class='ocrx_word' id='word_1_334' title='bbox 628 3714 771 3768; x_wconf 81' lang='lat' dir='ltr'>ganz</span> <span class='ocrx_word' id='word_1_335' title='bbox 807 3718 887 3753; x_wconf 81' lang='lat' dir='ltr'>im</span> <span class='ocrx_word' id='word_1_336' title='bbox 919 3698 1312 3771; x_wconf 84' lang='lat' dir='ltr'>Allgemeinen</span> <span class='ocrx_word' id='word_1_337' title='bbox 1347 3699 1442 3753; x_wconf 89' lang='lat' dir='ltr'>be·</span> <span class='ocrx_word' id='word_1_338' title='bbox 1624 3705 1707 3755; x_wconf 85' lang='lat'>38.</span> <span class='ocrx_word' id='word_1_339' title='bbox 1766 3701 2196 3758; x_wconf 77' lang='lat' dir='ltr'>subacturus.</span> <span class='ocrx_word' id='word_1_340' title='bbox 2268 3702 2430 3756; x_wconf 87' lang='lat' dir='ltr'>Auch</span> <span class='ocrx_word' id='word_1_341' title='bbox 2478 3700 2673 3757; x_wconf 88' lang='lat' dir='ltr'>Livius</span> 
     </span>
     <span class='ocr_line' id='line_1_41' title="bbox 319 3767 2672 3842; baseline 0.002 -20"><span class='ocrx_word' id='word_1_342' title='bbox 319 3767 638 3836; x_wconf 71' lang='lat' dir='ltr'>echi-ichen,</span> <span class='ocrx_word' id='word_1_343' title='bbox 694 3768 870 3825; x_wconf 86' lang='lat' dir='ltr'>daher</span> <span class='ocrx_word' id='word_1_344' title='bbox 913 3770 1013 3827; x_wconf 85' lang='lat' dir='ltr'>das</span> <span class='ocrx_word' id='word_1_345' title='bbox 1053 3770 1311 3828; x_wconf 66' lang='lat' dir='ltr'>Praesens.</span> <span class='ocrx_word' id='word_1_346' title='bbox 1387 3768 1439 3827; x_wconf 87' lang='lat' dir='ltr'>S.</span> <span class='ocrx_word' id='word_1_347' title='bbox 1548 3768 1651 3824; x_wconf 87' lang='lat' dir='ltr'>hat</span> <span class='ocrx_word' id='word_1_348' title='bbox 1696 3770 1942 3841; x_wconf 77' lang='lat' dir='ltr'>subiyere</span> <span class='ocrx_word' id='word_1_349' title='bbox 1984 3774 2059 3828; x_wconf 79' lang='lat' dir='ltr'>ad</span> <span class='ocrx_word' id='word_1_350' title='bbox 2096 3775 2207 3842; x_wconf 76' lang='lat' dir='ltr'>(in)</span> <span class='ocrx_word' id='word_1_351' title='bbox 2242 3773 2567 3829; x_wconf 76' lang='lat' dir='ltr'>deditionem</span> <span class='ocrx_word' id='word_1_352' title='bbox 2604 3797 2672 3818; x_wconf 85' lang='lat'>===</span> 
     </span>
    </p>
   </div>
   <div class='ocr_carea' id='block_1_7' title="bbox 321 3838 2591 3912">
    <p class='ocr_par' dir='ltr' id='par_1_7' title="bbox 321 3838 2591 3912">
     <span class='ocr_line' id='line_1_42' title="bbox 321 3838 2591 3912; baseline 0.002 -18"><span class='ocrx_word' id='word_1_353' title='bbox 321 3839 470 3894; x_wconf 87' lang='lat' dir='ltr'>auch</span> <span class='ocrx_word' id='word_1_354' title='bbox 505 3838 652 3895; x_wconf 83' lang='lat' dir='ltr'>Einl.</span> <span class='ocrx_word' id='word_1_355' title='bbox 691 3845 720 3905; x_wconf 65' lang='grc' dir='ltr'><strong>ξ</strong></span> <span class='ocrx_word' id='word_1_356' title='bbox 759 3844 824 3894; x_wconf 87' lang='grc'>31</span> <span class='ocrx_word' id='word_1_357' title='bbox 865 3858 914 3898; x_wconf 88' lang='lat' dir='ltr'>a.</span> <span class='ocrx_word' id='word_1_358' title='bbox 1550 3856 1757 3911; x_wconf 75' lang='lat' dir='ltr'>eoyere,</span> <span class='ocrx_word' id='word_1_359' title='bbox 1796 3844 2103 3912; x_wconf 75' lang='lat' dir='ltr'>compellere</span> <span class='ocrx_word' id='word_1_360' title='bbox 2140 3845 2215 3899; x_wconf 81' lang='lat' dir='ltr'>ad</span> <span class='ocrx_word' id='word_1_361' title='bbox 2249 3844 2591 3899; x_wconf 73' lang='lat' dir='ltr'>deditionem.</span> 
     </span>
    </p>
   </div>
   <div class='ocr_carea' id='block_1_8' title="bbox 307 3938 2519 4105">
    <p class='ocr_par' dir='ltr' id='par_1_8' title="bbox 307 3938 2519 4105">
     <span class='ocr_line' id='line_1_43' title="bbox 390 3938 2269 4010; baseline 0.007 -19"><span class='ocrx_word' id='word_1_362' title='bbox 390 3942 476 3991; x_wconf 83' lang='lat'>35.</span> <span class='ocrx_word' id='word_1_363' title='bbox 528 3938 937 4007; x_wconf 74' lang='lat' dir='ltr'>praevalens</span> <span class='ocrx_word' id='word_1_364' title='bbox 981 3955 1214 4010; x_wconf 51' lang='lat' dir='ltr'>equum</span> <span class='ocrx_word' id='word_1_365' title='bbox 1263 3940 1440 4009; x_wconf 82' lang='lat' dir='ltr'>vergl.</span> <span class='ocrx_word' id='word_1_366' title='bbox 1532 3949 1534 3951; x_wconf 78' lang='grc'>’</span> <span class='ocrx_word' id='word_1_367' title='bbox 1956 3948 2085 4009; x_wconf 58' lang='lat' dir='ltr'>Gar,</span> <span class='ocrx_word' id='word_1_368' title='bbox 2121 3947 2269 4003; x_wconf 85' lang='lat' dir='ltr'>VIII.</span> 
     </span>
     <span class='ocr_line' id='line_1_44' title="bbox 307 4009 2519 4105; baseline 0.005 -42"><span class='ocrx_word' id='word_1_369' title='bbox 307 4010 640 4077; x_wconf 63' lang='lat' dir='ltr'>praevalens</span> <span class='ocrx_word' id='word_1_370' title='bbox 675 4009 790 4079; x_wconf 76' lang='lat' dir='ltr'>ipse</span> <span class='ocrx_word' id='word_1_371' title='bbox 827 4009 946 4065; x_wconf 88' lang='lat' dir='ltr'>Liv.</span> <span class='ocrx_word' id='word_1_372' title='bbox 985 4016 1034 4065; x_wconf 83' lang='lat'>2.</span> <span class='ocrx_word' id='word_1_373' title='bbox 1075 4016 1162 4065; x_wconf 80' lang='lat'>55.</span> <span class='ocrx_word' id='word_1_374' title='bbox 1202 4016 1251 4065; x_wconf 87' lang='lat'>6.</span> <span class='ocrx_word' id='word_1_375' title='bbox 1624 4042 1671 4091; x_wconf 49' lang='lat'>1·</span> <span class='ocrx_word' id='word_1_376' title='bbox 1709 4052 1911 4105; x_wconf 55' lang='lat' dir='ltr'>sup„</span> <span class='ocrx_word' id='word_1_377' title='bbox 1944 4038 2166 4105; x_wconf 57' lang='lat' dir='ltr'>,ripam</span> <span class='ocrx_word' id='word_1_378' title='bbox 2202 4036 2309 4092; x_wconf 60' lang='lat' dir='ltr'>wie</span> <span class='ocrx_word' id='word_1_379' title='bbox 2348 4043 2395 4092; x_wconf 49' lang='grc'>6,</span> <span class='ocrx_word' id='word_1_380' title='bbox 2438 4042 2519 4090; x_wconf 57' lang='lat'>13,</span> 
     </span>
    </p>
   </div>
   <div class='ocr_carea' id='block_1_9' title="bbox 317 4106 2674 4249">
    <p class='ocr_par' dir='ltr' id='par_1_9' title="bbox 317 4106 2674 4249">
     <span class='ocr_line' id='line_1_45' title="bbox 388 4106 2674 4177; baseline 0.001 -17"><span class='ocrx_word' id='word_1_381' title='bbox 388 4111 475 4160; x_wconf 76' lang='lat'>36.</span> <span class='ocrx_word' id='word_1_382' title='bbox 511 4108 586 4161; x_wconf 72' lang='lat' dir='ltr'>in</span> <span class='ocrx_word' id='word_1_383' title='bbox 612 4122 842 4177; x_wconf 74' lang='lat' dir='ltr'>equum</span> <span class='ocrx_word' id='word_1_384' title='bbox 865 4122 1068 4163; x_wconf 77' lang='lat' dir='ltr'>suum.</span> <span class='ocrx_word' id='word_1_385' title='bbox 1123 4107 1202 4163; x_wconf 82' lang='lat' dir='ltr'>Er</span> <span class='ocrx_word' id='word_1_386' title='bbox 1225 4106 1442 4163; x_wconf 86' lang='lat' dir='ltr'>fordert</span> <span class='ocrx_word' id='word_1_387' title='bbox 1620 4114 1669 4163; x_wconf 81' lang='lat'>2.</span> <span class='ocrx_word' id='word_1_388' title='bbox 1736 4110 1950 4163; x_wconf 69' lang='lat' dir='ltr'>animi</span> <span class='ocrx_word' id='word_1_389' title='bbox 2003 4109 2317 4164; x_wconf 73' lang='lat' dir='ltr'>consulta</span> <span class='ocrx_word' id='word_1_390' title='bbox 2364 4106 2471 4161; x_wconf 78' lang='lat' dir='ltr'>wie</span> <span class='ocrx_word' id='word_1_391' title='bbox 2520 4106 2674 4173; x_wconf 74' lang='lat' dir='ltr'>faeta</span> 
     </span>
     <span class='ocr_line' id='line_1_46' title="bbox 317 4174 2541 4249; baseline 0 -19"><span class='ocrx_word' id='word_1_392' title='bbox 317 4174 427 4231; x_wconf 88' lang='lat' dir='ltr'>den</span> <span class='ocrx_word' id='word_1_393' title='bbox 452 4177 734 4247; x_wconf 72' lang='lat' dir='ltr'>Hypsicles</span> <span class='ocrx_word' id='word_1_394' title='bbox 767 4177 880 4246; x_wconf 78' lang='lat' dir='ltr'>auf,</span> <span class='ocrx_word' id='word_1_395' title='bbox 917 4179 1256 4248; x_wconf 75' lang='lat' dir='ltr'>wenigstens</span> <span class='ocrx_word' id='word_1_396' title='bbox 1293 4178 1440 4233; x_wconf 85' lang='lat' dir='ltr'>sich</span> <span class='ocrx_word' id='word_1_397' title='bbox 1548 4180 1903 4249; x_wconf 70' lang='lat' dir='ltr'>consultaque</span> <span class='ocrx_word' id='word_1_398' title='bbox 1936 4180 2166 4247; x_wconf 77' lang='lat' dir='ltr'>fortium</span> <span class='ocrx_word' id='word_1_399' title='bbox 2201 4178 2296 4233; x_wconf 88' lang='lat' dir='ltr'>bei</span> <span class='ocrx_word' id='word_1_400' title='bbox 2332 4177 2541 4233; x_wconf 87' lang='lat' dir='ltr'>Cicero.</span> 
     </span>
    </p>
   </div>
   <div class='ocr_carea' id='block_1_10' title="bbox 316 4248 2675 4390">
    <p class='ocr_par' dir='ltr' id='par_1_10' title="bbox 316 4248 2675 4390">
     <span class='ocr_line' id='line_1_47' title="bbox 317 4248 2675 4319; baseline 0.003 -20"><span class='ocrx_word' id='word_1_401' title='bbox 317 4262 386 4299; x_wconf 71' lang='lat' dir='ltr'>su</span> <span class='ocrx_word' id='word_1_402' title='bbox 437 4252 646 4317; x_wconf 70' lang='lat' dir='ltr'>reti-en,</span> <span class='ocrx_word' id='word_1_403' title='bbox 713 4248 788 4303; x_wconf 82' lang='lat' dir='ltr'>da</span> <span class='ocrx_word' id='word_1_404' title='bbox 842 4264 904 4303; x_wconf 89' lang='lat' dir='ltr'>er</span> <span class='ocrx_word' id='word_1_405' title='bbox 959 4264 1032 4303; x_wconf 89' lang='lat' dir='ltr'>an</span> <span class='ocrx_word' id='word_1_406' title='bbox 1085 4248 1187 4303; x_wconf 87' lang='lat' dir='ltr'>der</span> <span class='ocrx_word' id='word_1_407' title='bbox 1239 4248 1442 4318; x_wconf 82' lang='lat' dir='ltr'>eignen</span> <span class='ocrx_word' id='word_1_408' title='bbox 1620 4256 1671 4306; x_wconf 77' lang='grc'><strong>3.</strong></span> <span class='ocrx_word' id='word_1_409' title='bbox 1708 4250 2092 4319; x_wconf 64' lang='grc' dir='ltr'>αᾱρσῡοϋατς</span> <span class='ocrx_word' id='word_1_410' title='bbox 2126 4249 2241 4319; x_wconf 76' lang='lat' dir='ltr'>vgl.</span> <span class='ocrx_word' id='word_1_411' title='bbox 2280 4254 2331 4306; x_wconf 80' lang='lat'>3.</span> <span class='ocrx_word' id='word_1_412' title='bbox 2374 4255 2451 4307; x_wconf 77' lang='lat'>12.</span> <span class='ocrx_word' id='word_1_413' title='bbox 2496 4254 2522 4302; x_wconf 91' lang='lat'><strong>1</strong></span> <span class='ocrx_word' id='word_1_414' title='bbox 2562 4264 2675 4305; x_wconf 76' lang='lat' dir='ltr'>nox</span> 
     </span>
     <span class='ocr_line' id='line_1_48' title="bbox 316 4315 1859 4390; baseline 0.003 -19"><span class='ocrx_word' id='word_1_415' title='bbox 316 4315 568 4389; x_wconf 76' lang='lat' dir='ltr'>Rettung</span> <span class='ocrx_word' id='word_1_416' title='bbox 609 4317 968 4375; x_wconf 72' lang='lat' dir='ltr'>verzweifelt.</span> <span class='ocrx_word' id='word_1_417' title='bbox 1011 4350 1078 4359; x_wconf 96' lang='lat'><strong>—</strong></span> <span class='ocrx_word' id='word_1_418' title='bbox 1124 4320 1438 4387; x_wconf 72' lang='lat' dir='ltr'>defluxit.</span> <span class='ocrx_word' id='word_1_419' title='bbox 1552 4322 1859 4390; x_wconf 78' lang='lat' dir='ltr'>adpetebat.</span> 
     </span>
    </p>
   </div>
  </div>
 </body>
</html>
