3069 4749
442 125 569 191 106

1370 125 1435 190 Q.
1474 123 1698 179 CURTI
1731 123 1907 179 RUFI

436 289 631 372 dicia,
688 309 883 372 quam
935 287 1195 371 magnis
1252 286 1629 352 nemoribus
1681 286 2086 371 saltibusque
2133 287 2454 352 nobilium
2503 288 2798 354 fer-arum

332 387 399 435 12
440 398 672 463 greges
710 376 890 440 clusi.
965 375 1302 459 Spatiosas
1339 375 1423 440 ad
1448 375 1576 440 hoc
1603 375 1858 459 eligunt
1885 375 2102 454 silvas,
2137 375 2382 442 crebris
2409 379 2798 462 perennium

442 487 755 551 aquarum
802 464 1095 530 fontibus
1142 485 1477 530 amoenas:
1522 465 1726 528 muris
1761 485 2032 528 nemora
2065 465 2415 550 cinguntur
2447 469 2798 550 turresque

328 564 398 612 13
440 555 684 622 habent
739 554 1120 618 venantium
1172 553 1598 636 receptacula.

1699 551 2022 629 Quattuor
2083 553 2408 618 continuis
2464 554 2798 620 aetatibus

439 643 755 708 intactum
812 641 1056 707 saltum
1112 641 1317 706 fuisse
1372 641 1744 724 constabat,
1798 663 1994 726 quem
2040 640 2411 707 Alexander
2455 665 2602 708 cum
2645 647 2797 708 toto

334 741 401 790 14
440 732 731 796 exercitu
788 733 1127 816 ingressus
1183 731 1427 815 agitari
1488 729 1774 814 undique
1837 729 2010 794 feras
2071 731 2286 818 iussit.
2384 731 2564 796 Inter
2628 753 2798 816 quas

441 841 587 885 cum
632 821 737 886 leo
783 818 1255 904 magnitudinis
1293 840 1481 884 rarae
1518 819 1738 902 ipsum
1773 839 1996 902 regem
2033 819 2378 884 invasurus
2415 819 2796 904 incurreret,

436 910 607 973 forte
663 907 1091 994 Lysimachus
1104 955 1121 986 ,
1176 908 1290 992 qui
1341 909 1574 992 postea
1624 908 1955 992 regnavit,
2013 909 2348 990 proximus
2403 907 2797 992 Alexandro,

437 997 832 1082 venabulum
880 997 1137 1061 obicere
1182 995 1361 1060 ferae
1406 1001 1728 1080 coeperat.
1821 995 1964 1073 Quo
2020 1017 2133 1061 rex
2189 998 2454 1080 repulso
2501 1001 2568 1062 et
2613 998 2797 1062 abire

438 1087 617 1150 iusso
654 1085 893 1150 adiecit
927 1088 1065 1150 tam
1105 1106 1147 1148 a
1180 1088 1386 1150 semet
1422 1106 1551 1150 uno
1591 1107 1788 1169 quam
1824 1107 1865 1150 a
1890 1083 2280 1170 Lysimacho
2315 1085 2569 1150 leonem
2597 1085 2799 1150 inter-

335 1183 403 1232 ‚15
441 1174 553 1238 fici
588 1193 798 1258 posse.
868 1171 1299 1258 Lysimachus
1338 1173 1510 1238 enim
1549 1172 1893 1258 quondam,
1931 1195 2077 1240 cum
2114 1177 2462 1240 venaretur
2487 1174 2557 1238 in
2582 1172 2800 1258 Syria,

444 1263 769 1328 occiderat
814 1261 1073 1346 quidem
1124 1262 1397 1326 eximiae
1442 1262 1918 1346 magnitudinis
1961 1261 2171 1328 feram
2217 1263 2416 1346 solus,
2463 1262 2574 1326 sed
2608 1263 2800 1327 laevo

441 1351 714 1416 humero
750 1372 955 1436 usque
993 1350 1073 1414 ad
1115 1372 1267 1416 ossa
1301 1351 1586 1416 lacerato
1625 1351 1708 1415 ad
1743 1350 2051 1416 ultimum
2087 1351 2361 1434 per-iculi
2395 1355 2799 1434 pervenerat.

332 1447 401 1498 16
439 1438 517 1504 Id
570 1440 785 1523 ipsum
842 1440 1241 1523 exprobrans
1299 1439 1359 1504 ei
1412 1461 1527 1504 rex
1579 1439 1843 1523 fortine,
1897 1461 2093 1522 quam
2139 1440 2392 1504 locutus
2441 1443 2566 1523 est,
2609 1439 2796 1504 fecit:

437 1549 592 1593 nam
635 1529 846 1593 feram
888 1550 1020 1593 non
1069 1528 1325 1610 excepit
1370 1526 1591 1611 modo,
1649 1527 1761 1592 sed
1805 1528 2008 1592 etiam
2053 1549 2182 1592 uno
2227 1528 2494 1592 vulnere
2540 1527 2795 1593 occidit.

332 1626 401 1674 1⁷
438 1617 777 1700 Fabulam,
823 1638 989 1701 quae
1036 1617 1366 1681 obiectum
1403 1617 1577 1680 leom
1615 1638 1656 1680 a
1690 1637 1848 1700 rege
1883 1615 2343 1701 Lysimachum
2377 1620 2618 1681 temere
2653 1617 2795 1681 vul-

326 1729 358 1736 ··
440 1706 641 1790 gavit,
688 1706 771 1770 ab
812 1726 887 1769 eo
928 1727 1101 1789 casu,
1148 1725 1341 1790 quem
1378 1725 1577 1788 supra
1613 1704 1916 1789 diximus,
1961 1708 2174 1770 ortam
2211 1725 2352 1770 esse
2391 1703 2792 1770 crediderim.

333 1801 402 1850 18
444 1796 749 1860 Ceterum
812 1793 1227 1876 MacedoneS,
1300 1815 1696 1878 quamquam
1759 1813 2074 1877 prospero
2149 1797 2382 1860 eventu
2449 1792 2794 1858 defunctus

442 1886 583 1947 erat
627 1883 1014 1964 Alexander,
1060 1886 1281 1947 tamen
1330 1881 1576 1947 scivere
1623 1883 1836 1967 gentis
1883 1903 2038 1947 suae
2079 1903 2280 1966 more,
2324 1903 2408 1946 ne
2446 1885 2560 1946 aut
2595 1880 2795 1966 pedes

335 1979 402 2028 19
442 1976 785 2038 venaretur
840 1974 954 2036 aut
1009 1971 1148 2035 sine
1202 1970 1465 2036 delectis
1525 1970 1892 2055 principum
1948 1973 2145 2054 atque
2201 1970 2575 2036 amicorum.
2673 1969 2796 2034 Ille

439 2077 545 2124 1111
590 2059 855 2126 milibus
900 2059 1185 2125 ferarum
1231 2059 1497 2124 deiectis
1543 2059 1622 2155 in,
1659 2059 1884 2125 eodem
1931 2059 2108 2123 saltu
2145 2080 2291 2124 cum
2325 2062 2468 2124 toto
2505 2059 2794 2124 exercitu

444 2149 743 2232 epulatus
794 2150 912 2214 est.

615 2234 775 2300 Inde
802 2234 1195 2301 Maracanda
1221 2235 1502 2300 reditum
1531 2239 1658 2300 est:
1697 2238 2086 2320 acceptaque
2115 2235 2351 2300 aetatis
2381 2235 2792 2300 excusatione
2813 2233 2856 2299 3

516 2452 599 2502 12.
656 2448 740 2501 ad
783 2447 927 2512 hoc,
984 2445 1039 2504 d.
1076 2446 1132 2501 h.
1179 2462 1305 2499 zum
1350 2446 1566 2500 cludere

438 2532 624 2586 yreyes
676 2518 939 2583 ferarum.
987 2546 1055 2556 —
1101 2532 1413 2570 amoenas
1457 2516 1566 2570 wic

438 2593 491 2641 5.
544 2592 590 2641 1.
637 2592 706 2641 32
761 2586 907 2641 horti
960 2588 1261 2641 multarum
1307 2588 1567 2642 arborum

440 2658 641 2713 umbra
674 2660 905 2713 amoeni.

516 2735 599 2785 13.
655 2730 1003 2784 aetatibus
1038 2752 1107 2773 ε-
1144 2734 1395 2798 versate,
1449 2727 1566 2797 vgl.

428 2805 563 2869 post
604 2801 809 2856 multas
858 2805 1058 2855 aetates
1103 2806 1154 2854 6.
1202 2806 1251 2855 6.
1308 2830 1377 2840 -
1432 2800 1567 2853 sal-

442 2876 603 2938 tum,
637 2867 757 2927 τὸν
782 2868 1160 2940 παράδεισονς
1190 2871 1339 2925 deun
1364 2886 1427 2923 es
1454 2870 1568 2940 gab

442 2941 613 2997 deren
659 2942 807 2997 nach
852 2948 883 3008 ξ
938 2948 1002 2996 11
1054 2940 1311 2995 mehrere
1358 2941 1419 2995 in
1468 2940 1570 2995 der

440 3012 692 3082 Gegend.
756 3012 886 3084 Vgl.
925 3013 1072 3068 auch
1107 3012 1174 3067 in
1206 3014 1386 3067 eodem
1418 3013 1570 3067 saltu

516 3160 599 3209 14.
654 3156 834 3210 inter
878 3170 1057 3225 quas.
1132 3152 1282 3208 Wir:
1332 3153 1570 3207 ‘unter

438 3224 745 3280 anderen
810 3224 1148 3293 (Thieren)'.
1240 3223 1370 3291 vgl.
1424 3224 1570 3278 inter

478 3312 577 3351 uos
614 3301 663 3349 5.
697 3302 744 3350 1.
773 3302 843 3350 20
879 3313 936 3350 u.
974 3296 1149 3350 unten
1186 3300 1237 3349 9.
1268 3299 1355 3363 25,
1392 3293 1566 3363 dcsgl.

490 3368 562 3421 iv.
602 3372 686 3422 23.
719 3373 768 3422 1.
798 3373 849 3421 9.
886 3396 959 3407 -—
992 3366 1309 3435 reynavit
1336 3388 1405 3411 ει-
1434 3361 1566 3439 ἐβα-

441 3441 691 3506 σίλευσε,
738 3438 962 3506 Konig
1002 3436 1253 3491 wurde.
1332 3436 1411 3489 Er
1454 3450 1572 3492 war

442 3506 633 3578 Konig
676 3524 790 3563 von
824 3506 1103 3562 Thracien
1145 3512 1447 3562 323—281.
1514 3507 1570 3562 S.

448 3584 531 3634 10.
565 3584 646 3635 10.
678 3584 727 3637 4.
766 3608 838 3621 -
866 3579 1242 3648 proximus,
1276 3576 1427 3647 hier,
1462 3578 1572 3632 wie

432 3652 688 3720 proximi
732 3651 1031 3705 amicormn
1080 3656 1163 3705 14.
1212 3656 1271 3717 9;
1320 3650 1573 3718 proximi

439 3724 681 3777 militum
725 3727 777 3775 4.
827 3726 913 3776 14.
960 3728 1013 3790 8,
1069 3720 1130 3775 in
1182 3718 1570 3791 cigentlicher‚

444 3793 718 3847 lokaler
770 3791 1119 3861 Bedcutung.
1180 3822 1241 3831 -
1297 3796 1432 3845 tam
1484 3806 1572 3845 so·

445 3864 561 4000 {ie}
599 3864 715 3990 ἓξ.
767 3864 786 3891 ‘
799 3864 1147 3919 mindestens
1184 3863 1393 3917 ebenso
1431 3862 1536 3932 gut
1551 3862 1567 3887 ’

522 4011 606 4060 15.
644 4006 731 4060 ad
756 4006 1065 4059 ultimum
1089 4003 1198 4059 wie
1217 4006 1294 4060 ad
1318 4005 1574 4059 altimum

446 4078 593 4131 vitae
628 4083 678 4130 3.
720 4082 802 4129 12.
844 4080 935 4141 183
972 4075 1088 4145 vgl.
1127 4075 1247 4131 Liv.
1286 4082 1336 4129 2.
1374 4081 1461 4129 45.
1503 4078 1571 4129 10

447 4149 525 4202 ad
568 4148 823 4202 ultimwn
866 4147 1152 4202 seditionis
1196 4147 1432 4214 ermnpit
1464 4161 1567 4200 res.

524 4222 606 4271 16.
644 4232 839 4287 quam
866 4217 1131 4273 locutus
1158 4221 1285 4282 est;
1320 4232 1380 4271 er
1406 4216 1570 4271 hatte

447 4287 600 4342 bloss
628 4288 749 4342 sich
766 4303 1103 4354 vermesscn,
1132 4302 1191 4341 es
1212 4288 1340 4341 dem
1361 4286 1569 4355 Lysim.

1673 2443 2006 2513 gleichthun
2029 2464 2100 2499 zu
2125 2444 2366 2512 konnen,
2397 2444 2515 2499 und
2541 2460 2604 2499 er
2630 2444 2798 2499 iiber—

1672 2515 1774 2571 bot
1807 2516 1908 2570 ihn
1943 2515 2094 2571 weit.
2133 2546 2200 2555 —
2237 2516 2504 2584 excepit
2537 2518 2579 2569 t.
2617 2516 2660 2570 t.
2696 2514 2799 2569 der

1672 2584 2613 2657 Jagerspraehe,‘fassen‚abfan
2671 2584 2794 2640 en’.

1675 2657 1750 2782 Ρ810
1769 2674 1934 2783 ὗνεῖἱι
1978 2658 2220 2727 Erlegen
2264 2656 2571 2727 fliegender
2617 2603 2798 2725 gog-el

1749 2805 1832 2855 17.
1861 2816 2028 2869 quae
2048 2840 2092 2854 ..
2119 2843 2131 2855 .
2150 2798 2459 2870 vulgavit
2483 2798 2632 2853 nach
2650 2798 2797 2851 Ana-

1675 2869 1830 2939 logie
1884 2870 1988 2925 der
2039 2870 2540 2939 vielgebrauchten
2585 2868 2798 2922 Phr-ase

1675 2942 1833 3007 fama
1866 2942 2058 3011 vulyat
2084 2958 2212 2995 rem.
2278 2938 2799 2995 Bemerkenswerth

1675 3011 1768 3079 ist,
1801 3010 1930 3066 dass
1957 3010 2119 3066 nicht
2143 3010 2300 3066 bloss
2327 3012 2589 3080 Trogus
2607 3010 2798 3065 Pom-

1675 3082 1874 3151 peius
1913 3082 2073 3150 (Just.
2115 3087 2199 3137 15.
2239 3083 2320 3151 3),
2367 3083 2608 3137 sondern
2651 3078 2798 3135 auch

1676 3153 1814 3207 zwei
1825 3152 2224 3223 Zeitgencssen
2238 3154 2336 3209 des
2345 3150 2796 3217 Schriftstellers,

1679 3224 1935 3279 Seneca
1981 3223 2137 3291 (dial.
2185 3230 2235 3281 5.
2284 3230 2379 3292 1⁷3
2426 3222 2498 3277 de
2542 3224 2703 3279 clem.
2750 3228 2798 3276 1.

1677 3299 1768 3361 25)
1796 3295 1912 3349 und
1937 3293 2208 3350 Plinius
2239 3297 2312 3362 (n.
2341 3296 2397 3349 h.
2427 3301 2476 3351 8.
2497 3296 2588 3365 54)
2618 3293 2801 3349 dieser

1679 3365 1825 3436 Sage
1854 3365 2112 3421 Glauben
2139 3366 2436 3420 schenken.
2465 3396 2534 3406 —
2562 3380 2798 3433 supra,

1678 3435 1926 3492 namneh
1963 3436 2112 3492 oben
2147 3442 2177 3501 ς
2217 3442 2300 3491 14.

1753 3514 1835 3563 19.
1883 3509 2045 3575 Ille,
2091 3507 2341 3575 asyndet.
2378 3506 2694 3576 Gegensatz
2730 3523 2800 3559 zu

1677 3578 2027 3634 Macedones.
2094 3577 2167 3632 So
2197 3576 2283 3629 oft
2307 3578 2400 3632 ille
2424 3577 2541 3631 und
2567 3578 2699 3645 ipse.
2729 3606 2796 3615 -

1679 3650 1932 3704 aetatis
1953 3648 2419 3704 'excusationa
2495 3646 2572 3702 So
2605 3648 2798 3702 habere

1679 3725 1782 3775 aet.
1818 3721 2247 3787 eoecwsationem,
2295 3717 2408 3773 Cic.
2454 3736 2510 3787 p.
2549 3717 2700 3773 Cael.
2735 3723 2797 3784 Ως

1679 3792 2080 3846 excusationem
2115 3792 2360 3861 accipere
2395 3814 2464 3837 ε-
2503 3789 2626 3845 eine
2662 3786 2798 3843 Ent-

1681 3861 2061 3931 schuldigung
2095 3862 2285 3930 gelten
2317 3862 2520 3929 lassen,
2558 3859 2715 3915 Gaees.
2741 3859 2796 3913 b.

1681 3950 1734 4002 g.
1774 3938 1824 3986 6.
1862 3938 1912 3987 4.
1995 3931 2190 3985 Artab.
2245 3932 2413 3986 stand
2456 3931 2677 3985 damals
2720 3929 2826 3984 im‘

1681 4009 1767 4058 97.
1796 4003 1968 4058 Jahre
1995 4004 2068 4086 (6.
2099 4006 2149 4056 5.
2179 4002 2252 4071 3).
2283 4032 2350 4043 --
2371 4002 2801 4072 provinciam

1679 4074 1852 4141 eius,
1905 4073 1958 4130 d.
2004 4092 2042 4129 1.
2098 4072 2467 4128 Bactrianam.
2549 4072 2656 4129 Die
2700 4071 2801 4126 Er-

1677 4145 1958 4215 mordung·
1992 4146 2090 4201 des
2120 4144 2298 4201 Clitus
2326 4142 2618 4199 vereitelte
2645 4143 2800 4197 disse

1678 4216 1940 4282 Absicht3
1997 4215 2336 4271 Statthalter
2386 4215 2448 4269 in
2503 4212 2803 4270 Bactriana

1678 4286 1868 4341 wurde
1878 4288 2172 4355 Amyntas,
2193 4284 2246 4340 S.
2263 4286 2360 4339 des
2371 4285 2638 4341 Nicolaus
2649 4290 2700 4339 2.
2715 4288 2800 4337 13.
