3069 4749
815 124 1331 180 HISTORIARUM
1366 124 1800 180 ALEXANDRI
1835 123 2013 196 VIIII,
2051 132 2100 180 5.
2510 125 2638 191 185

276 291 538 358 omissis
610 289 841 355 ceteris
912 289 1070 353 illuc
1142 292 1604 353 concurrerunt
1676 288 2127 372 urgebantque
2198 291 2638 373 protegentes.

275 381 383 448 Ex
428 381 659 464 quibus
698 378 1006 444 Timaeus
1042 377 1268 441 multis
1316 376 1590 441 adverso
1629 397 1900 459 corpore
1937 376 2312 442 vulneribus
2357 378 2640 462 acceptis

278 469 669 555 egregiaque
704 467 878 532 edita
912 485 1134 550 pugna
1168 465 1430 548 cecidit:
1485 464 1830 530 Peucestes
1868 486 2122 550 quoque
2159 465 2372 530 tribus
2409 466 2638 531 iaculis
2680 485 2746 534 17

279 559 619 624 confossus
654 577 787 621 non
826 577 896 620 se
932 559 1155 620 tamen
1193 557 1404 637 scuto,
1450 553 1564 617 sed
1604 573 1826 638 regem
1863 554 2200 619 tuebatur:
2246 553 2640 639 LeonnatuS,

280 648 435 714 dum
492 645 677 712 avide
730 646 995 708 ruentes
1048 642 1363 708 barbaros
1418 642 1787 726 submovet,
1852 643 2098 707 cervice
2166 643 2456 724 graviter
2508 644 2642 708 icta

283 735 683 801 semianimis
729 732 1077 816 procubuit
1122 735 1274 797 ante
1318 731 1495 814 regis
1541 730 1756 814 pedes.
1827 729 1970 796 Iam
2017 735 2083 795 et
2116 730 2460 796 Peucestes
2497 732 2638 796 vul·
2681 751 2747 800 18

277 825 544 890 neribus
590 822 909 906 fatigatus
956 820 1349 885 submiserat
1395 820 1701 904 clipeum,
1745 819 1816 884 in
1851 819 2164 884 Aristono
2209 841 2358 904 spes
2404 821 2640 885 ultima

278 912 609 978 haerebat.
699 910 827 974 Hic
883 931 1139 994 quoque
1195 908 1487 994 graviter
1541 907 1798 973 saucius
1852 911 2108 972 tantam
2162 909 2295 973 vim
2343 909 2636 974 hostium

278 1001 454 1066 ultra
500 998 820 1064 sustinere
864 1018 999 1062 non
1042 999 1321 1080 poterat.
1410 997 1592 1062 Inter
1645 997 1805 1062 haec
1851 997 1934 1061 ad
1979 995 2367 1062 Macedonas
2414 1018 2637 1082 regem
2678 1017 2748 1067 19

280 1088 587 1154 cecidisse
648 1087 827 1152 fama
880 1085 1133 1169 perlata
1187 1089 1303 1150 est.
1402 1084 1774 1150 Terruisset
1837 1085 2031 1169 alios,
2095 1085 2267 1169 quod
2330 1086 2482 1151 illos
2545 1087 2640 1150 in-

279 1176 525 1243 citavit.
592 1175 893 1259 Namque
929 1175 1201 1258 periculi
1240 1175 1453 1240 omnis
1489 1174 1905 1239 immemores
1943 1173 2232 1239 dolabris
2268 1175 2638 1260 perfregere

278 1288 536 1330 murum
582 1269 673 1350 et,
720 1286 851 1348 qua
885 1263 1099 1328 moliti
1137 1266 1327 1328 erant
1364 1263 1640 1346 aditum,
1686 1262 1990 1346 inrupere
2036 1263 2106 1326 in
2149 1263 2380 1328 urbem
2415 1263 2640 1328 Indos-

282 1376 406 1438 que
459 1354 679 1438 plures
742 1352 1071 1437 fugientes
1144 1373 1339 1436 quam
1397 1351 1706 1436 congredi
1761 1373 1954 1416 ausos
2009 1351 2392 1418 ceciderunt.
2485 1351 2639 1418 Non
2678 1373 2751 1422 2ο

280 1442 576 1526 senibus,
620 1463 753 1506 non
796 1441 1091 1525 feminis,
1134 1463 1270 1506 non
1315 1440 1678 1505 infantibus
1724 1441 2042 1524 parcitur:
2091 1441 2382 1524 quisquis
2426 1462 2643 1506 occur-

278 1535 483 1615 rerat,
538 1531 619 1596 ab
674 1530 789 1594 illo
845 1529 1259 1594 vulneratum
1312 1549 1536 1614 regem
1582 1550 1722 1593 esse
1770 1529 2135 1593 credebant.
2225 1528 2640 1614 Tandemque

280 1620 721 1684 internecione
765 1617 1059 1684 hostium
1096 1619 1307 1682 iustae
1344 1618 1481 1682 irae
1526 1620 1944 1701 parentatum
1982 1621 2099 1682 est.
2170 1617 2639 1702 Ptolemaeum,
2677 1639 2746 1686 21

286 1708 400 1792 qui
437 1711 667 1790 postea
702 1707 1028 1792 regnavit,
1071 1707 1225 1772 huic
1259 1727 1519 1790 pugnae
1557 1705 1844 1772 adfuisse
1883 1717 2107 1772 auctor
2143 1711 2244 1771 est
2273 1704 2642 1772 Clitarchus

288 1800 354 1860 et
400 1796 806 1880 Timagenes.
898 1794 1025 1862 Sed
1069 1795 1239 1880 ipse,
1297 1795 1544 1860 scilicet
1587 1794 1836 1880 gloriae
1883 1817 2036 1859 suae
2081 1815 2215 1860 non
2258 1795 2645 1879 refragatuS,

178 1961 184 1966 ι
289 1884 531 1950 afuisse
574 1906 647 1948 se
690 1884 965 1948 missum
1008 1885 1079 1949 in
1124 1883 1603 1968 expeditionem
1647 1883 1998 1948 memoriae
2049 1884 2340 1949 tradidit.
2433 1883 2645 1948 Tanta

288 1973 793 2057 conponentium
830 1975 1091 2038 vetusta
1134 1994 1351 2038 rerum
1392 1975 1816 2037 monumenta
1851 1973 1957 2037 vel
1997 1973 2310 2038 securitas
2347 1974 2478 2056 vel,
2523 1994 2644 2056 par

172 2064 265 2129 22
284 2062 439 2126 huic
503 2061 764 2145 vitium,
838 2061 1189 2127 credulitas
1252 2061 1407 2126 fuit!
1496 2061 1682 2145 Rege
1743 2061 1816 2125 in
1875 2061 2370 2126 tabernaculum
2432 2062 2642 2126 relato
2680 2081 2752 2130 22

282 2150 522 2215 medici
566 2149 821 2234 lignum
866 2151 1149 2235 sagittae
1194 2150 1450 2232 corpori
1486 2149 1724 2216 infixae
1768 2150 1892 2233 ita,
1934 2171 2018 2214 ne
2064 2151 2385 2234 spiculum
2431 2171 2645 2216 move-

282 2243 493 2323 retur,
538 2238 897 2305 abscidunt.
970 2235 1261 2322 Corpore
1298 2238 1527 2304 deinde
1563 2238 1806 2304 nudato
1845 2239 2370 2304 animadvertunt
2414 2239 2644 2304 hamos
2682 2259 2752 2308 23

283 2328 493 2393 inesse
548 2327 684 2393 telo
729 2348 848 2393 nec
893 2327 1088 2393 aliter
1140 2327 1208 2393 id
1264 2326 1402 2393 sine
1457 2327 1744 2412 pernicie
1789 2328 2080 2412 corporis
2127 2327 2380 2394 extrahi
2435 2349 2644 2413 posse,

285 2440 481 2502 quam
556 2422 629 2480 ut
698 2417 975 2482 secando
1050 2418 1282 2482 vulnus
1358 2420 1690 2502 augerent.
1801 2414 2130 2496 Ceterum,
2202 2438 2283 2481 ne
2350 2421 2642 2483 secantes
2681 2438 2753 2487 24

1518 2660 1793 2716 Plutarch
1844 2661 1997 2717 ’ener
2041 2661 2352 2717 Tradition.
2401 2694 2468 2704 -—
2515 2666 2646 2719 sci-

1522 2733 1708 2799 licet,
1753 2746 1820 2787 se
1864 2732 2484 2804 bstverstandlich,
2519 2735 2646 2789 wie

1522 2818 1690 2873 ganz
1727 2802 2106 2857 natflrlich.
2139 2833 2204 2843 -
2233 2804 2645 2873 refrayatae.

1519 2874 1624 2928 Bei
1688 2873 1797 2928 den
1855 2872 2178 2927 Classikern
2239 2873 2316 2927 int
2365 2875 2648 2944 refraqari

364 2665 445 2714 17.
478 2659 865 2727 Ρνοσαόαῦύ.
938 2660 1016 2713 Er
1060 2678 1231 2730 genas
1277 2661 1410 2717 bald

288 2728 498 2783 wieder
532 2746 645 2784 von
680 2730 863 2787 dieser
898 2730 1311 2801 Verwundung.

364 2806 445 2855 18.
466 2800 801 2855 haerebat.
839 2800 966 2871 Vgl.
985 2802 1077 2856 die
1091 2802 1415 2859 bekannten

290 2870 539 2925 Phrasen
572 2872 637 2925 in
660 2872 845 2926 eadem
872 2888 949 2937 re,
984 2889 1156 2927 cauea
1181 2874 1415 2941 haerere,

294 2941 560 3011 ‘hangem
586 2941 793 2997 kleben
822 2942 1089 2999 bleiben'.
1146 2943 1307 2999 Doch
1338 2944 1417 2999 ist

289 3028 361 3093 ⁸²⁰
373 3028 449 3136 32⁸.
470 3013 717 3138 ἰᾱῖἵῖοἰὲ
732 3013 1031 3139 ἱῧνὲζξέἕὲ*
1040 3028 1072 3067 ⁰
1106 3014 1417 3140 eiffissuffissffl

288 3100 381 3209 {lig
400 3152 689 3225 Hoffnung
710 3102 1180 3211 klammerteglzich
1200 3174 1272 3211 an
1289 3129 1416 3210 Ari?

290 3228 730 3364 ⁸⁴⁶0llillisinoliti,
780 3296 892 3365 vgl.
930 3294 1021 3351 die
1059 3298 1221 3352 Anm.
1260 3316 1328 3351 zu
1365 3304 1414 3353 3.

290 3373 372 3421 11.
424 3372 508 3421 15.
594 3366 856 3421 Gemeint
908 3366 987 3421 ist
1042 3367 1142 3421 der
1186 3367 1418 3439 Zugang

290 3438 466 3492 durch
503 3437 593 3492 die
630 3439 931 3506 gemachte
969 3437 1225 3493 Bresche.

359 3513 445 3561 20.
494 3509 573 3562 ab
619 3510 771 3575 illo,
821 3507 1040 3563 starker
1089 3508 1174 3563 als
1231 3510 1300 3565 ab
1338 3527 1414 3579 ee,

290 3594 366 3631 so·
401 3578 515 3631 viel
570 3578 655 3632 als
711 3580 781 3634 ab
835 3595 895 3634 eo
932 3580 1297 3647 potissimum.
1346 3612 1413 3621 —-

280 3665 325 3717 Ρ
336 3652 748 3774 ‘mmm’
772 3651 1417 3791 saliitssfssfissffmdmffiffi‘}

289 3734 530 3860 enriffdlgte
580 3762 734 3845 eine’
756 3790 1093 3862 allgemeine
1135 3792 1415 3849 Metzelei.

358 3866 445 3917 21.
500 3863 847 3931 regnavit,
899 3862 1120 3933 Konig
1174 3864 1415 3918 wurde.

286 3932 394 3987 Zur
410 3932 589 3987 Sache
610 3950 651 3987 s.
673 3938 755 3987 10.
775 3939 1004 3988 10.1.-
1024 3933 1417 3989 Clitarchus

286 4008 345 4057 et
400 4002 819 4073 Timagene&
876 4021 917 4060 s.
976 4003 1068 4060 die
1122 4005 1415 4075 literarge-

289 4072 545 4131 schichtl.
564 4073 795 4130 Einleit.
844 4074 897 4130 S.
923 4081 971 4132 5.
1019 4075 1133 4129 Der
1154 4076 1417 4147 Singular

287 4144 385 4199 des
422 4143 723 4200 Pradikats
770 4145 916 4201 lacet
955 4145 1066 4201 den
1102 4146 1417 4201 Clitarchus

291 4214 373 4269 als
410 4215 520 4271 den
556 4214 941 4286 eigentlichen
974 4216 1416 4272 Gewithrsrnann

1522 2946 1698 2999 alicui
1713 2945 1842 3012 (rei)
1853 2943 2039 3025 jurist.
2055 2945 2097 2999 t.
2113 2945 2174 3011 t.‚
2190 2943 2426 3013 Gegens.
2441 2948 2647 3027 saffira-

1520 3015 2018 3169 2502132222220220.
2037 3014 2647 3169 ruera-..fagit

1524 3186 1592 3196 --
1647 3172 1916 3211 messam
1986 3173 2060 3210 m
2131 3157 2646 3225 expedetzonem,

1522 3227 1674 3281 wohl
1719 3225 1884 3282 milit.
1923 3226 2149 3282 Formel
2192 3226 2300 3281 wie
2339 3229 2549 3283 mittere
2583 3229 2652 3283 in

1523 3298 1722 3365 aciem,
1785 3298 2088 3354 stationem.
2177 3296 2490 3369 Uebrigens
2549 3299 2647 3355 be-

1523 3368 1727 3438 statigt
1752 3368 1898 3424 auch
1924 3369 2050 3424 Arr.
2066 3375 2115 3424 6.
2135 3375 2200 3423 11
2230 3369 2321 3424 die
2349 3369 2516 3425 Notiz
2548 3370 2650 3425 des

1524 3438 1765 3494 Curtius.
1813 3469 1882 3481 -·
1927 3457 2146 3495 rerum
2201 3446 2650 3508 monumenta,

1522 3510 2189 3577 Geschichtswerk03
2219 3516 2430 3566 vetusta
2448 3511 2650 3567 selbst-

1522 3580 1905 3636 verstamdlieh
1960 3597 2090 3637 vom
2137 3582 2499 3652 Standpunkt
2548 3582 2654 3655 des,

1524 3650 1676 3705 Curt.
1691 3694 1704 3721 ,
1759 3652 1918 3707 nicht
1972 3652 2073 3707 der
2118 3658 2474 3723 conponentes
2519 3669 2648 3719 aus3

1523 3738 1586 3775 er
1647 3721 1827 3777 meint
1887 3722 1978 3777 die
2034 3722 2326 3778 Verfasser
2388 3724 2649 3779 ‘alteret

1524 3791 2045 3849 Geschichtswerke
2111 3794 2248 3849 siber
2307 3794 2641 3849 Alexander.

1525 3862 1583 3917 C.
1623 3863 1798 3919 denkt
1841 3864 1935 3919 bei
1981 3862 2173 3918 diesen
2209 3865 2443 3919 Worten
2487 3864 2652 3919 nicht

1525 3934 1741 4059 SOTBOhi
1758 3952 1832 4061 arsi
1854 3935 2186 4003 Timagenes
2207 3934 2290 3989 als
2310 3952 2384 3989 an
2397 3934 2648 3991 Clitar-eh

1525 4021 1568 4057 s.
1654 4006 1714 4059 in
1741 4046 1753 4059 .
1833 4045 1847 4059 .
1885 4012 1932 4061 5.

1595 4082 1682 4131 22.
1721 4078 1824 4131 ita
1859 4092 1950 4131 ne.
2005 4074 2168 4131 Auch
2205 4075 2298 4131 bei
2327 4075 2649 4131 Classikern

1522 4146 1716 4217 hauflg
1753 4146 1844 4203 bei
1879 4146 2322 4216 beabsichtigter
2357 4146 2548 4217 Folge.

1596 4223 1682 4272 23.
1758 4220 1906 4273 sine
1972 4219 2278 4285 pernicie
2353 4218 2456 4272 wie
2530 4219 2651 4273 sine

289 4286 630 4342 erecheinen.
710 4287 1023 4357 Uebrigens
1071 4287 1221 4357 folgt
1264 4288 1411 4343 auch
1446 4356 1453 4361 .
1513 4289 1768 4356 periculo
1796 4293 1846 4345 5.
1880 4295 1926 4346 1.
1958 4293 2054 4357 25,
2093 4288 2145 4343 d.
2166 4288 2203 4344 i.
2233 4289 2378 4345 ohne
2416 4288 2545 4343 dass
2579 4306 2649 4344 zu
