3069 4749
198 1169 289 1233 26

821 113 1330 170 HISTORIARUM
1365 115 1797 170 ALEXANDRI
1833 113 1980 184 vm,
2021 119 2070 171 7.
2109 119 2158 170 8.
2529 113 2660 180 135

314 279 489 344 dires
534 277 731 342 etiam
768 277 1005 343 Iovem.
1086 276 1367 360 Miraris,
1406 278 1463 342 si
1506 277 1700 342 liberi
1735 277 2030 344 homines
2067 277 2442 362 superbiam
2475 281 2660 342 tuam
2699 299 2765 348 14

310 368 482 432 ferre
534 387 669 432 non
722 366 1109 450 possumus?
1204 366 1373 443 Quid
1430 388 1766 449 speramus
1819 389 1899 431 ex
1950 372 2044 450 te,
2103 367 2340 451 quibus
2396 369 2511 431 aut
2561 359 2657 432 ιιι-

312 455 609 522 sontibus
654 455 1057 520 moriendum
1104 458 1205 520 est
1260 458 1399 537 aut,
1454 455 1626 538 quod
1677 455 1933 520 tristius
1979 417 2189 521 niorte
2235 461 2362 541 est,
2412 456 2484 520 in
2529 477 2658 520 ser·

311 547 523 610 vitute
588 543 978 609 vivendum?
1075 543 1173 609 Tu
1240 543 1525 629 quidem,
1591 543 1646 608 si
1709 544 2038 608 emendari
2099 548 2313 628 potes,
2379 544 2657 610 multum
2695 565 2762 614 15

310 634 476 698 mihi
524 632 911 698 debes.E1
954 655 1061 697 me
1097 633 1267 698 enim
1315 633 1481 698 scire
1516 633 1820 716 coepisti,
1865 633 2020 716 quid
2061 633 2328 716 ingenui
2362 633 2656 698 homines

311 722 483 786 ferre
518 743 649 786 non
692 722 966 804 possint.
1037 720 1139 786 De
1174 726 1389 799 cetero
1434 743 1654 806 parce:
1703 743 1977 805 quorum
2014 721 2204 786 orbas
2243 725 2658 807 senectutem,

317 810 647 894 suppliciis
683 831 765 874 ne
804 811 1187 876 oneraveris,
1250 789 1391 875 Nos
1429 809 1580 874 iube
1621 810 1787 891 duci,
1830 813 1920 892 ut,
1956 810 2125 894 quod
2171 833 2250 875 ex
2293 814 2409 876 tua
2445 815 2655 876 morte

314 900 729 984 petieramus,
774 920 1243 983 consequamur
1289 921 1367 963 ex
1412 898 1680 964 nostra?
1771 897 1952 964 Haec
1996 897 2405 966 Hermolaus,
2707 863 2798 1082 '7

1286 1055 1444 1124 Off.
1490 1057 1670 1124 VIII.

486 1164 581 1231 At
632 1188 771 1231 rex:
852 1164 1089 1242 ‘Quam
1142 1165 1311 1230 falsa
1365 1163 1542 1249 sint',
1593 1164 1836 1249 inquit,
1897 1163 2087 1248 ‘quae
2141 1164 2266 1229 iste
2319 1164 2562 1230 tradita.
2615 1187 2656 1231 a
2692 1185 2722 1233 1

310 1255 629 1340 magistro
686 1277 801 1320 suo
848 1253 1038 1337 dixit,
1092 1253 1413 1337 patientia
1464 1275 1614 1318 mes.
1657 1253 1960 1318 ostendit.
2051 1250 2440 1320 Confessum
2483 1254 2658 1319 enim
2691 1275 2724 1322 2

308 1343 615 1408 ultimum
675 1343 927 1408 facinus
986 1347 1207 1408 tamen
1266 1364 1399 1409 non
1462 1341 1676 1407 solum
1745 1343 1886 1425 ipse
1949 1343 2163 1408 audivi
2171 1392 2189 1424 ,
2259 1345 2366 1408 sed
2423 1348 2497 1407 ut
2552 1365 2656 1410 vos

308 1432 621 1498 audiretis
686 1433 999 1516 expressi,
1061 1453 1195 1496 non
1255 1430 1638 1514 inprudens,
1701 1452 1848 1496 cum
1910 1431 2349 1514 permisissem
2411 1432 2653 1498 latroni

304 1520 458 1586 huic
511 1520 751 1603 dicere,
812 1543 1083 1585 usurum
1135 1541 1284 1585 eum
1338 1519 1550 1604 rabie,
1611 1541 1740 1604 qua
1805 1520 2154 1602 conpulsus
2209 1524 2340 1605 est,
2401 1525 2476 1586 ut
2529 1543 2651 1604 me,

308 1630 501 1692 quem
565 1609 853 1694 parentis
914 1608 1057 1673 loco
1123 1609 1333 1673 colere
1398 1608 1689 1691 deberet,
1753 1608 1953 1673 vellet
2015 1607 2322 1674 occidere.
2427 1608 2654 1694 Nuper
2689 1631 2722 1680 3

308 1718 455 1760 cum
507 1696 845 1779 procacius
899 1719 971 1762 se
1020 1697 1093 1760 in
1144 1697 1488 1762 venatione
1543 1697 1882 1782 gessisset,
1937 1717 2118 1762 more
2171 1698 2388 1781 patrio
2443 1702 2512 1763 et
2567 1700 2650 1764 ab

306 1785 781 1868 antiquissimis
826 1784 1241 1850 Macedoniae
1283 1805 1511 1870 regum
1557 1790 1874 1870 usurpato
1919 1786 2231 1871 castigari
2278 1809 2425 1852 eum
2469 1787 2650 1854 iussi.

305 1872 449 1938 Hoc
504 1877 571 1938 et
622 1878 883 1958 oportet
934 1875 1076 1939 fieri
1131 1878 1201 1940 et
1254 1873 1473 1940 ferunt
1516 1897 1558 1939 a
1599 1875 1928 1940 tutoribus
1982 1875 2246 1958 pupilli,
2305 1897 2346 1940 a
2390 1876 2648 1942 maritis

304 1983 565 2046 uxores,
620 1963 821 2028 servis
870 1983 1123 2046 quoque
1168 1984 1405 2046 pueros
1449 1963 1644 2028 huius
1689 1964 1924 2030 aetatis
1969 1964 2312 2029 verberare
2355 1965 2648 2030 concedi-

257 2111 261 2116 .
304 2073 468 2115 mus.
539 2050 720 2116 Haec
756 2054 858 2116 est
892 2051 1169 2116 saevitia
1201 2051 1273 2115 in
1306 2052 1520 2134 ipsum
1559 2073 1730 2136 mea,
1766 2073 1962 2136 quam
1996 2052 2176 2136 inpia
2211 2052 2404 2118 caede
2439 2054 2652 2119 voluit
2686 2077 2721 2125 4

303 2140 547 2205 ulcisci.
620 2139 793 2204 Nam
838 2141 909 2204 in
944 2143 1218 2222 ceteros,
1264 2140 1379 2224 qui
1414 2139 1578 2204 mihi
1621 2141 2009 2224 permittunt
2043 2140 2143 2206 uti
2185 2141 2448 2226 ingenio
2485 2163 2648 2226 meo,

302 2249 500 2312 quam
556 2228 736 2293 mitis
803 2229 955 2314 sim,
1016 2265 1090 2275 -
1150 2251 1279 2294 non
1346 2228 1665 2314 ignoratis
1721 2266 1804 2276 -—
1862 2250 2366 2296 commemorare
2431 2252 2646 2315 super-

1528 2445 1578 2495 2.
1627 2446 1686 2509 6,
1739 2440 1887 2495 doch
1931 2440 2227 2496 verbindet
2280 2440 2463 2497 dieser
2514 2458 2648 2497 mm

374 2444 457 2494 15.
486 2440 549 2494 si
574 2418 809 2494 emend.
837 2444 1039 2509 potes.
1087 2437 1231 2493 Dem
1252 2437 1421 2494 Sinne

1525 2512 1790 2566 inscius
1840 2511 1950 2566 mit
2001 2528 2132 2567 non
2177 2513 2350 2583 impr.
2394 2544 2462 2555 --
2508 2530 2647 2569 eum

298 2510 445 2564 nach
481 2510 773 2565 verwandt
804 2516 856 2565 4.
887 2516 933 2563 1.
965 2515 997 2564 9
1034 2512 1263 2565 saniora
1296 2524 1419 2565 con·

299 2581 433 2634 eilia
467 2582 609 2649 pati.
652 2612 712 2619 —-
756 2581 850 2635 De
886 2586 1096 2635 cetero
1133 2580 1239 2635 wie
1276 2586 1327 2636 4.
1370 2586 1415 2636 1.

306 2656 389 2703 14.
428 2680 495 2689 -
524 2666 753 2719 parce,
799 2652 1036 2707 absolut.
1100 2651 1213 2707 Der
1248 2651 1418 2707 Dativ

298 2720 379 2774 ist
420 2720 597 2776 leicht
639 2739 738 2776 aus
782 2722 911 2777 dem
962 2722 1264 2792 folgenden
1309 2722 1416 2779 Re-

300 2791 564 2846 lativsatz
599 2810 666 2846 zu
698 2793 1052 2849 entnehmen.
1104 2793 1213 2847 Zur
1236 2792 1415 2849 Sache

300 2862 415 2931 vgl.
482 2867 658 2919 8.18
722 2868 787 2917 ut
846 2864 1037 2917 vestris
1089 2866 1419 2933 parantibus

291 2948 541 3001 parcam.
590 2933 807 3005 [Andre
825 2933 886 2988 L.
906 2934 999 2988 A.=
984 2951 1193 3003 ·parce
1214 2952 1415 3004 paren-

301 3004 490 3075 tibus}
513 3006 1417 3063 -onoraverisa-aeerbiorm

298 3076 507 3142 facias,
554 3074 757 3130 wie4.
804 3082 853 3133 8.
902 3072 1417 3133 9oneravithum·

297 3147 535 3203 dolorem
586 3147 834 3203 κωπίω.
916 3147 1031 3204 Das
1078 3147 1185 3219 obj
1190 3148 1290 3203 ekt
1339 3148 1416 3203 ist
1465 3201 1470 3207 .

294 3223 626 3274 amantem.
666 3248 732 3259 -
770 3219 955 3285 duci,
990 3166 1216 3275 absolut
1242 3244 1311 3267 ==
1340 3220 1427 3275 ad-

294 3358 388 3442 bei
410 3290 1113 3443 massifflf’ffiffuffi.
1144 3289 1307 3441 &8213
1304 3291 1417 3429 22¹}

294 3434 633 3487 teet-amus.
726 3431 989 3487 Gememt
1042 3430 1117 3487 ist
1168 3431 1261 3485 die
1311 3430 1415 3487 Be-

294 3500 516 3571 freiung
578 3519 689 3556 von
742 3501 1089 3571 unmundige
1088 3520 1117 3555 ι·
1170 3501 1414 3557 Knecht-

296 3571 495 3625 schaft.
559 3571 665 3627 Die
691 3572 1049 3643 Prnposition
1076 3589 1143 3627 ex
1176 3572 1285 3629 wie
1319 3572 1416 3629 bei

294 3642 540 3708 fructum
574 3659 787 3711 capere,
814 3646 1076 3714 conequi
1110 3661 1179 3700 ex
1212 3661 1287 3700 re.

694 3818 817 3875 CAP.
857 3820 1004 3875 VIH.

362 3931 415 3979 2.
468 3927 773 3993 expressi
828 3942 903 3982 se
957 3944 994 3982 a
1045 3928 1211 3983 vobis.
1303 3927 1410 3981 Ζιιι·

290 3992 475 4051 Saehe
506 4012 549 4049 s.
582 4002 629 4051 7.
660 4002 709 4052 8.
751 4028 817 4039 —
852 4014 985 4053 mm
1020 3998 1408 4068 inprudens.

288 4066 393 4121 Die
432 4065 837 4124 Construktion
879 4068 987 4124 mit
1030 4070 1156 4123 dem
1204 4086 1321 4124 acc.
1358 4084 1405 4125 c.

289 4137 387 4194 inf.
430 4138 527 4193 bei
575 4139 790 4195 diesem
836 4139 1035 4195 Worte
1086 4140 1271 4195 haben
1317 4138 1407 4195 die

291 4206 572 4265 Classiker
599 4210 775 4277 nicht,
802 4212 957 4265 wohl
974 4211 1112 4265 aber
1138 4210 1239 4265 der
1254 4209 1405 4265 Verf.

289 4278 389 4335 des
433 4280 648 4337 Briefes
698 4282 773 4336 ad
811 4280 963 4337 Caes.
1010 4297 1127 4339 ser).
1171 4281 1243 4335 de
1286 4298 1405 4350 rep.

1524 2582 1752 2707 rabien·
1788 2582 1921 2637 Man
1957 2584 2222 2638 erwartet
2253 2581 2442 2638 dafflr:
2477 2586 2646 2654 (eum)

1523 2670 1590 2708 ea
1623 2669 1694 2708 ra
1753 2669 1795 2707 e.

1595 2730 1644 2778 3.
1682 2740 1854 2779 more
1885 2726 2118 2792 patrio
2145 2740 2189 2780 s.
2212 2731 2260 2779 6.
2283 2731 2331 2780 7.
2353 2742 2638 2781 -ιιεαν-

1512 2810 1710 2864 pare,
1751 2794 2152 2849 ‘thatsachlich
2195 2794 2490 2864 ausuben’,
2536 2797 2643 2853 wie

1524 2870 1789 2921 3.12.16
1821 2883 1874 2919 ιι.
1907 2870 1955 2919 δ.
2022 2864 2182 2919 Νεωιι
2212 2863 2414 2920 Ari-ian
2448 2868 2642 2923 rflhrte.

1522 2936 1624 2991 das
1658 2935 1890 2991 Institut
1925 2935 2023 2991 der
2057 2935 2270 3007 konigl.
2297 2934 2490 3007 Pagen
2527 2942 2644 2993 erst

1521 3024 1636 3063 von
1687 3006 1916 3077 Philipp
1971 3006 2086 3072 her.
2143 3038 2210 3047 —
2267 3012 2328 3062 et
2385 3013 2644 3075 oportet

1519 3078 1691 3145 fieri
1716 3084 1776 3133 et
1801 3080 2050 3145 ferunt.
2107 3076 2270 3133 Sinn·
2298 3077 2450 3133 disse
2466 3078 2641 3133 Zflch-

1518 3148 1726 3219 tigung
1751 3150 1828 3204 ist
1849 3151 2035 3219 (unter
2047 3148 2414 3219 Umstunden)
2440 3150 2642 3204 noth·

1520 3237 1663 3275 wen
1675 3221 1791 3289 dig
1815 3220 1934 3274 und
1951 3220 2097 3275 nach
2117 3221 2244 3275 dem
2261 3220 2642 3276 Herkommen

1522 3291 1946 3360 bereohtigt‚
1973 3291 2078 3345 hat
2101 3290 2238 3347 aber
2257 3291 2494 3347 auchan
2519 3293 2640 3347 sich

1520 3362 1708 3417 nichts
1754 3361 2165 3429 Entehrendes,
2211 3364 2316 3419 wie
2363 3362 2454 3417 die
2491 3364 2640 3419 Ana-

1520 3432 1672 3503 logie
1716 3434 2070 3488 verwandter
2113 3432 2500 3489 Verhffl‘misse
2544 3436 2639 3490 be·

1519 3503 1697 3559 weist.
1731 3534 1794 3545 -—
1825 3504 2080 3572 ferunt,
2117 3504 2170 3559 d.
2197 3505 2234 3559 i.
2269 3505 2478 3561 ‘lassen
2515 3503 2638 3560 sich

1517 3574 1810 3644 gesallen'.
1893 3575 1954 3630 C.
2001 3574 2178 3630 denkt
2219 3575 2387 3631 dabei
2431 3592 2506 3630 sn
2550 3580 2638 3631 ιδ-

1516 3645 1732 3700 mische
1753 3646 2359 3717 Rechtsverhssltnisse,
2386 3646 2480 3702 die
2508 3647 2637 3702 dem

1505 3721 1758 3857 {dage
1716 3717 1966 3784 familias
2009 3716 2118 3771 den
2155 3690 2404 3773 Kindern
2445 3736 2498 3771 ιι.
2537 3719 2638 3774 der

1561 3804 1662 3842 reu
1762 3788 2011 3857 genfiber
2031 3786 2125 3843 ein
2150 3787 2459 3859 gesetzlich
2476 3789 2637 3844 nicht

1514 3858 1914 3913 beschrflnktes
1935 3858 2247 3914 Stnstecht
2269 3860 2632 3915 eiuranmten.

1516 3958 1586 3969 -—
1630 3930 1870 3997 servis,
1924 3930 2034 3985 den
2078 3933 2462 4001 sogenannten
2499 3947 2632 4000 pae-

1513 4000 1758 4071 dayoyis.

1587 4076 1638 4125 4.
1701 4072 1778 4125 in
1835 4073 2052 4141 ipsum
2112 4088 2264 4127 mea.
2360 4072 2500 4127 Mea
2557 4071 2635 4127 ist

1510 4142 1914 4211 nschgestellt,
1967 4142 2150 4197 demit
2192 4142 2296 4197 auf
2341 4143 2408 4196 in
2449 4144 2634 4211 ipsum

1512 4212 1615 4267 der
1631 4212 1760 4267 Heu
1760 4215 1926 4281 ptton
1959 4212 2111 4268 felle
2167 4212 2246 4267 Er
2271 4214 2454 4267 behau
2457 4215 2630 4282 p,tete

1512 4230 2006 4353 Schimpfflcheres
2051 4282 2280 4339 erlitten
2323 4300 2392 4338 su
2445 4283 2633 4340 haben
