3069 4749
446 121 572 186 136
1016 119 1043 151 ‘
1346 119 1411 185 Q.
1450 117 1674 174 CURTI
1709 117 1883 173 RUFI

329 308 333 314 ’
372 304 404 353 5
441 305 713 350 vacuum
773 287 891 349 est.
987 279 1341 347 Hermolao
1405 280 1878 384 parricidarum
1933 280 2255 367 supplicia
2313 302 2447 345 non
2507 281 2810 365 probari,

444 395 591 438 cum
652 372 879 438 eadem
940 371 1083 456 ipse
1144 371 1480 453 meruerit,
1553 370 1820 435 minime
1883 369 2142 435 hercule
2209 369 2510 434 admiror.
2615 368 2683 434 N
2685 391 2809 434 am

444 483 590 528 cum
652 460 1151 526 Parmenionem
1214 464 1281 523 et
1342 420 1678 525 Philotam
1740 459 1992 542 laudat,
2056 479 2212 523 suae
2275 458 2478 524 servit
2539 480 2808 524 causae.

372 571 405 620 6
440 549 831 634 Lyncestem
867 570 1021 614 vero
1048 547 1489 613 Alexandrum
1525 548 1630 613 bis
1668 547 2046 613 insidiatum
2081 547 2284 632 capiti
2317 569 2464 612 meo
2501 546 2806 630 liberavi,

440 661 663 704 rursus
722 640 789 719 [a
841 637 1092 704 duobus
1152 636 1501 718 indicibus]
1557 637 1928 703 convictum
1985 657 2105 720 per
2156 637 2510 702 triennium
2571 639 2806 700 tamen

442 727 695 811 distuli,
756 727 963 792 donec
1027 747 1142 791 vos
1205 725 1662 809 postularetis,
1724 728 1800 789 ut
1860 724 2126 790 tandem
2189 724 2404 790 debito
2471 725 2800 808 supplicio

375 839 405 886 7
444 817 655 882 scelus
718 816 945 880 lueret.
1046 814 1373 898 Attalum,
1438 818 1790 899 antequam
1851 835 1968 878 rex
2031 835 2267 897 essem,
2328 813 2586 878 hostem
2645 835 2798 878 meo

444 905 642 989 capiti
684 904 885 970 fuisse
929 903 1336 968 meministis,
1419 901 1628 968 Clitus
1675 903 1930 968 utinam
1970 925 2106 968 non
2149 902 2471 986 coegisset
2513 924 2617 966 me
2663 902 2800 966 sibi

443 994 663 1059 irasci!
711 993 891 1058 cuius
928 992 1344 1057 temerariam
1387 991 1685 1080 linguam
1721 992 1960 1076 probra
1995 991 2268 1056 dicentis
2303 991 2464 1056 mihi
2501 995 2568 1056 et
2604 991 2800 1056 vobis

374 1105 407 1153 8
446 1081 690 1146 diutius
749 1081 902 1165 tuli,
956 1102 1150 1165 quam
1204 1081 1315 1145 ille
1362 1080 1592 1146 eadem
1637 1101 1740 1145 me
1795 1080 2117 1145 dicentem
2171 1079 2447 1145 tulisset.
2537 1079 2800 1182 Regum

443 1171 802 1254 ducumque
866 1169 1211 1235 clementia
1271 1191 1405 1235 non
1476 1170 1546 1234 in
1619 1170 1914 1253 ipsorum
1977 1169 2196 1254 modo,
2271 1168 2384 1233 sed
2455 1170 2654 1234 etiam
2727 1169 2804 1234 in

445 1258 737 1342 illorum,
794 1259 906 1343 qui
961 1261 1216 1342 parent,
1274 1258 1555 1342 ingeniis
1611 1258 1743 1323 sita
1797 1260 1915 1323 est.
2013 1256 2341 1342 Obsequio
2405 1257 2804 1340 mitigantur

446 1348 745 1432 imperia:
800 1347 914 1412 ubi
969 1369 1119 1413 vero
1175 1345 1542 1412 reverentia
1595 1347 1872 1412 excessit
1925 1347 2158 1412 animis
2218 1349 2284 1410 et
2337 1368 2591 1411 summa
2644 1347 2802 1410 imis

377 1459 409 1508 9
446 1436 753 1502 confundi
797 1437 1117 1520 videmus,
1161 1437 1231 1500 vi
1276 1457 1439 1519 opus
1487 1439 1616 1519 est,
1667 1439 1746 1500 ut
1785 1436 1920 1501 vim
1964 1436 2376 1518 repellamus.
2465 1433 2593 1500 Sed
2639 1435 2802 1518 quid
2822 1434 2915 1498 27

447 1547 569 1611 ego
628 1525 829 1591 mirer
882 1525 1083 1589 istum
1139 1524 1590 1590 crudelitatem
1651 1524 1816 1589 mihi
1871 1524 2214 1608 obiecisse,
2280 1525 2389 1608 qui
2450 1523 2803 1590 avaritiam

448 1614 839 1700 exprobrare
874 1635 1071 1678 ausus
1111 1613 1241 1679 sit?
1324 1612 1499 1678 Nolo
1549 1613 1838 1698 singulos
1881 1616 2172 1678 vestrum
2219 1613 2524 1698 excitare,
2573 1633 2656 1677 ne
2700 1613 2803 1676 ιιι-

446 1704 654 1769 visam
686 1703 852 1768 mihi
889 1702 1355 1768 liberalitatem
1381 1723 1594 1767 meam
1633 1702 1890 1786 faciam,
1927 1703 1983 1767 si
2019 1701 2253 1786 pudori
2278 1706 2494 1766 vestro
2533 1721 2802 1786 gravem

446 1791 675 1857 fecere.
729 1791 967 1856 Totum
1004 1791 1355 1856 exercitum
1392 1791 1734 1875 adspicite:
1773 1790 1884 1875 qui
1920 1791 2118 1874 paulo
2147 1793 2300 1856 ante
2334 1790 2502 1854 nihil
2535 1794 2803 1874 praeter

448 1903 633 1946 arma
675 1880 989 1964 habebat,
1044 1900 1214 1944 nunc
1260 1879 1586 1964 argenteis
1633 1879 1830 1944 cubat
1873 1880 2086 1944 lectis:
2137 1901 2394 1945 mensas
2442 1901 2598 1944 auro
2645 1899 2803 1943 one-

445 1973 628 2053 rant,
688 1990 1018 2034 servorum
1075 1989 1307 2054 greges
1362 1968 1633 2052 ducunt,
1697 1968 1910 2052 spolia
1973 1968 2052 2032 de
2111 1968 2412 2033 hostibus
2479 1967 2800 2032 sustinere

345 2079 411 2128 10
446 2079 582 2123 non
613 2062 905 2141 possunt.
978 2057 1071 2122 At
1109 2057 1281 2122 enim
1317 2056 1582 2141 Persae,
1629 2079 1790 2141 quos
1827 2058 2126 2141 vicimus,
2171 2058 2242 2121 in
2279 2077 2516 2142 magno
2551 2055 2804 2122 honore

450 2149 602 2212 sunt
646 2146 820 2231 apud
864 2147 996 2210 me!
1086 2145 1406 2230 Equidem
1460 2145 1934 2211 moderationis
1987 2167 2170 2212 meae
2217 2145 2652 2211 certissimum
2705 2145 2802 2209 in-

450 2233 690 2301 dicium
726 2238 853 2318 est,
898 2235 1070 2319 quod
1104 2256 1187 2299 ne
1224 2235 1415 2300 victis
1460 2234 1718 2319 quidem
1757 2235 2032 2318 superbe
2077 2235 2346 2318 imper0.
2419 2233 2587 2299 Veni
2627 2233 2803 2298 enim

454 2444 541 2499 als
589 2442 811 2497 andere.
856 2472 929 2484 —
974 2445 1079 2497 uti
1124 2444 1399 2527 inqenio
1444 2460 1576 2499 meo
1682 2462 1828 2501 mum
1865 2444 1976 2500 Cic.
2015 2463 2070 2515 p.
2108 2444 2228 2500 Mil.
2267 2450 2337 2501 24
2371 2445 2486 2500 und
2526 2446 2804 2501 extrahere

454 2514 509 2569 d.
526 2514 582 2569 h.
610 2512 752 2567 mild
779 2514 894 2567 und
930 2512 1095 2584 gutig
1121 2532 1189 2568 ιιι
1222 2513 1367 2569 sein:
1407 2514 1574 2569 Sinn.
1686 2517 1922 2586 aliquem
1955 2514 2078 2571 Liv.
2107 2522 2158 2571 2.
2189 2522 2272 2572 23.
2307 2522 2392 2571 13.

454 2585 547 2642 die
598 2582 751 2639 mich
812 2584 972 2639 nicht
1024 2602 1093 2638 ιιι
1146 2583 1301 2639 einer
1362 2583 1577 2641 meiner
1758 2593 1806 2641 ’1.
1843 2588 2086 2642 hostem
2121 2612 2191 2633 =
2228 2586 2798 2644 Hochverrather.

453 2655 635 2711 Natur
670 2655 923 2709 fremden
959 2655 1195 2727 Strenge
1230 2656 1520 2727 nothigen.
1683 2658 1794 2712 Zur
1827 2657 2006 2714 Sache
2055 2676 2098 2713 s.
2137 2666 2186 2713 6.
2227 2665 2276 2713 9.
2317 2665 2400 2715 17.
2437 2689 2509 2699 -
2543 2659 2804 2714 utinam

526 2733 579 2782 6.
652 2726 1027 2798 Lyncestem
1095 2728 1574 2783 Alexandrum.
1683 2744 1832 2784 non.
1913 2728 2018 2783 Die
2069 2728 2351 2799 Negation
2403 2729 2484 2783 ist
2535 2747 2644 2799 eng
2694 2728 2802 2783 mit

454 2797 505 2852 V
507 2799 582 2868 gL
615 2803 664 2854 ’1.
690 2804 733 2852 1.
762 2802 811 2855 6.
867 2799 1023 2855 Alex.
1061 2798 1181 2853 will
1216 2816 1408 2870 sagea,
1446 2800 1576 2853 dass
1685 2801 1936 2869 coeyisset
1954 2818 2020 2854 ιιι
2039 2801 2363 2858 verbinden.
2420 2800 2636 2855 Ebenso
2652 2800 2797 2853 Vell.

456 2816 639 2925 dieser
663 2869 790 2925 Fau
815 2869 976 2925 nicht
1002 2869 1325 2953 verglichen
1351 2870 1578 2925 werden
1683 2876 1880 2927 2116
1923 2872 2142 2927 utinam
2175 2888 2290 2927 non
2324 2889 2392 2926 m.
2431 2888 2514 2927 ex.
2552 2874 2798 2926 testatum

454 2938 615 2995 dfirfe
635 2940 742 2995 mit
759 2940 887 2995 dem
912 2941 1008 2995 des
1024 2938 1173 2998 Ριιιι.
1192 2940 1576 3011 mParmenio,
1685 2947 1830 2997 esset.
1877 2972 1945 2983 -—-
1991 2960 2082 2997 me
2127 2942 2475 3010 dicentem,
2530 2942 2797 3013 hypothe-

454 3012 529 3067 da
549 3028 618 3067 er
638 3011 957 3094 uberhaupt
974 3028 1079 3082 gar
1094 3010 1229 3065 kein
1241 3013 1578 3083 simplicium
1683 3012 1862 3081 tinch,
1897 3011 1954 3067 sl
1989 3010 2163 3083 ἔγωγε
2204 3012 2413 3083 ἔλεγον.

453 3082 595 3137 fiber
630 3082 803 3153 jenen
837 3084 1117 3151 verhangt
1163 3082 1328 3138 habe.
1368 3114 1435 3123 —
1473 3084 1578 3139 bis
1757 3089 1804 3138 8.
1842 3084 1980 3138 sita
2023 3089 2133 3139 est.
2220 3084 2292 3141 So
2339 3086 2512 3141 sehon
2556 3084 2650 3139 bei
2693 3084 2799 3139 den

454 3154 892 3221 insidiatum,
937 3154 1019 3208 im
1054 3153 1277 3209 Winter
1314 3160 1419 3209 834
1459 3154 1577 3209 und
1685 3152 2004 3209 Classikern
2038 3156 2206 3209 situm
2241 3172 2350 3211 esse
2391 3158 2457 3210 in
2489 3172 2549 3211 re
2583 3180 2654 3203 ===
2691 3154 2804 3209 auf

451 3224 660 3279 bereits
724 3224 915 3279 ffliher
970 3231 1100 3294 336,
1162 3224 1413 3281 insofern
1476 3224 1577 3280 das
1683 3228 1896 3280 etwas
1958 3226 2276 3283 bernhen.
2367 3228 2432 3281 In
2484 3227 2800 3295 Beziehung

454 3292 745 3364 Complott
788 3312 857 3365 ge
896 3312 969 3350 en
1012 3267 1270 3367 Philipp,
1320 3313 1395 3351 an
1441 3296 1574 3349 dem
1679 3296 1784 3351 auf
1813 3295 1914 3352 das
1949 3296 2144 3353 zweite
2173 3297 2458 3368 Satzglied
2493 3304 2644 3353 ware
2668 3313 2797 3366 pen-

449 3366 609 3435 jener
678 3314 981 3435 betheffigt
1050 3383 1190 3434 war,
1274 3368 1574 3423 selbstver·
1681 3369 1807 3423 dere
1867 3384 1935 3423 ex
1997 3385 2068 3423 an
2141 3384 2438 3425 messener.
2498 3398 2564 3409 -
2619 3369 2796 3423 vide·

449 3384 737 3491 standlioh
782 3369 981 3491 ειιισιιιεὖ
977 3453 1161 3506 gegen
1204 3437 1312 3491 den
1358 3438 1575 3502 Thron-
1681 3455 1837 3494 mus.
1905 3439 2074 3508 Subje
2153 3481 2168 3508 ‚
2205 3444 2310 3494 wie
2341 3439 2436 3495 bei
2462 3441 2799 3509 repellamus,

452 3506 623 3562 erben
681 3506 961 3576 gerichtet
1018 3524 1151 3562 war.
1243 3508 1427 3563 Ueber
1482 3509 1575 3563 die
1683 3509 1786 3565 ist:
1821 3526 1923 3566 nos
1957 3526 2106 3581 reyes
2140 3516 2190 3565 et
2225 3511 2400 3567 duces,
2476 3511 2556 3565 Ζιι
2591 3526 2799 3565 emma

454 3576 544 3631 ein
546 3576 993 3648 geklammerten
1011 3577 1208 3633 Worte
1237 3596 1279 3633 s.
1304 3579 1413 3634 den
1440 3579 1576 3635 krit.
1683 3582 1812 3636 imis
1837 3583 1980 3648 conf.
1999 3580 2320 3651 vergleiche
2348 3582 2450 3637 das
2477 3580 2797 3637 horazische

452 3596 711 3719 Anhang.
740 3680 806 3688 --
834 3649 1156 3716 liberavi,
1190 3650 1441 3705 namlich
1469 3656 1576 3705 336
1685 3653 1802 3707 ima
1835 3654 2062 3707 summis
2094 3657 2321 3709 mutare.

450 3719 603 3774 beim
658 3721 887 3775 ersten
941 3719 1399 3792 Mordanschlag‚
1459 3738 1577 3777 was
1757 3729 1808 3779 9.
1845 3724 2228 3778 avaritiam.
2296 3724 2421 3793 Vgl.
2462 3723 2606 3778 oben
2645 3727 2797 3778 ’1.11.

452 3790 848 3846 ausdrfieklich
912 3793 1114 3861 gesagt
1170 3791 1290 3846 sein
1343 3793 1574 3848 mdeste.
1683 3825 1752 3834 —
1801 3795 2091 3849 invisam
2133 3795 2300 3849 mihi
2341 3795 2620 3862 faciam,
2673 3794 2800 3847 ‘mir

453 3892 517 3901 --
550 3863 815 3917 distuli.
875 3862 1237 3917 Ueber-setae.
1279 3863 1449 3918 ‘habe
1478 3862 1583 3918 anf
1685 3864 1862 3920 selbst
1903 3865 2200 3936 (nachtrag
2199 3864 2337 3933 lich)
2383 3864 2656 3934 verleide‚
2701 3881 2800 3920 vor

452 3932 543 3987 die
564 3932 745 3988 Strafe
770 3936 988 3989 wax-ten
1014 3932 1243 3988 lassen’.
1290 3933 1576 3989 Aehnlich
1681 3936 1790 3991 mir
1833 3936 2010 3991 selbst
2052 3884 2414 3992 herabsetze?
2459 3966 2523 3977 -
2565 3952 2643 3990 ar
2650 3953 2797 4007 yen

452 4004 663 4059 dilatus
708 4004 834 4070 (mit
877 4002 1032 4060 einer
1076 4003 1337 4075 Anklage
1381 4006 1574 4076 hinge-
1683 4007 1810 4062 teis
1863 4022 1908 4063 e.
1960 4007 2120 4063 lecti
2127 4023 2168 4063 s.
2253 4007 2414 4062 Aueh
2458 4006 2650 4061 Livius
2703 4008 2800 4062 hat

452 4074 672 4144 halten)
698 4074 830 4130 Tac.
864 4092 990 4130 ann.
1026 4082 1071 4131 1.
1104 4079 1200 4143 68·
1228 4092 1326 4131 nec
1352 4082 1404 4132 te
1432 4077 1507 4145 (d.
1538 4077 1575 4132 i.
1681 4077 1777 4133 bei
1822 4078 2048 4145 cubare,
2100 4079 2426 4146 recmnbere,
2469 4078 2652 4133 sedere
2695 4077 2800 4131 den

452 4160 575 4213 spes
600 4146 749 4215 tuae)
788 4146 953 4214 differ
986 4148 1053 4203 in
1084 4148 1266 4215 horae,
1306 4146 1407 4202 Ov.
1438 4164 1576 4203 rem.
1683 4148 1908 4204 blossen
1925 4119 2259 4204 Abfativa-
2277 4119 2618 4205 euet’inere
2645 4147 2798 4203 ‘fort-

454 4231 562 4269 am.
611 4222 709 4283 98·
754 4218 906 4271 auch
951 4234 1007 4274 se
1050 4220 1124 4289 (d.
1172 4217 1209 4272 i.
1260 4219 1580 4287 petitionem
1686 4219 1964 4289 bringen'.
2039 4219 2167 4290 Vgl.
2206 4236 2398 4290 capere
2431 4225 2481 4275 6.
2520 4227 2568 4274 6.
2607 4224 2659 4274 4.

452 4287 635 4355 suam)
679 4258 968 4344 transtullt}
1016 4291 1081 4345 in
1126 4306 1337 4345 amium
1385 4290 1578 4360 proxi-
1761 4297 1844 4346 10.
1881 4290 2209 4361 Equidem
2245 4308 2287 4346 s.
2325 4290 2469 4345 Einl.
2505 4295 2538 4355 ς
2565 4296 2634 4345 22
2663 4308 2716 4345 n.
2745 4288 2795 4343 d.
