3069 4749
438 140 567 205 156
1379 143 1443 204 Q.
1482 141 1704 193 cmm
1737 140 1910 191 num

435 300 807 366 formidinis
855 301 1068 366 causis
1114 302 1379 384 moveri,
1432 338 1508 349 -——
1560 301 1789 366 deinde
1835 304 2090 367 tantam
2139 299 2622 366 multitudinem
2668 302 2788 367 cir-

367 403 401 453 6
438 389 773 456 cumfundi
818 390 1232 474 paucioribus
1279 412 1489 474 posse.
1571 389 1723 455 Non
1768 391 1837 455 in
1883 387 2149 455 Ciliciae
2197 389 2530 474 angustiis
2575 394 2642 455 et
2688 390 2787 455 in-

366 492 397 541 ’1
436 480 561 545 viis
609 478 902 563 callibuS,
950 479 1063 543 sed
1108 479 1180 543 in
1226 483 1454 562 aperta
1499 483 1566 544 et
1609 480 1749 543 lata
1795 479 2070 562 planitie
2117 476 2454 543 dimicari'.
2546 477 2788 545 Omnes

434 568 637 632 ferme
674 566 1088 633 Parmenioni
1126 568 1683 651 adsentiebantur,
1719 566 2125 652 Polypercon
2161 568 2333 631 haud
2373 566 2622 631 dubie
2602 590 2673 633 m
2709 590 2786 635 eo

365 670 399 719 8
438 656 707 722 consilio
772 657 1056 739 positam
1121 656 1463 723 victoriam
1518 657 1979 722 arbitrabatur
2073 654 2278 731 Quem
2339 656 2602 721 intuens
2657 678 2790 740 rex,

434 767 715 831 namque
759 744 1254 810 Parmenionem
1312 767 1520 829 nuper
1575 745 1813 829 acriuS,
1868 767 2064 830 quam
2118 728 2344 827 vellet,
2395 744 2787 829 increpitum

436 855 661 899 rursus
717 835 1036 919 castigare
1090 855 1224 898 non
1281 835 1672 917 sustinebat,
1717 832 2344 917 ‘Latrunculorum',
2404 834 2639 919 inquit,
2686 833 2790 898 et

438 923 657 987 furum
701 924 833 1009 ista
880 924 1171 988 sollertia
1218 927 1337 1007 est,
1378 946 1576 1007 quam
1621 886 1996 1007 p'raecipitis
2034 922 2212 1001 mihi,
2251 923 2487 1007 quippe
2524 923 2786 987 illorum

368 1028 400 1077 9
438 1015 665 1077 votum
710 1011 973 1076 unicum
1022 1016 1123 1076 est
1167 1010 1412 1076 fallere.
1500 1012 1689 1077 Meae
1733 1033 1889 1077 vero
1937 1012 2185 1097 gloriae
2233 1032 2484 1095 semper
2522 1016 2634 1075 aut
2671 1012 2786 1076 ab·

438 1100 718 1165 sentiam
746 1100 947 1165 Darei
975 1104 1091 1165 aut
1127 1101 1466 1186 angustias
1505 1101 1799 1166 locorum
1836 1104 1952 1165 aut
1985 1100 2234 1165 furtum
2271 1098 2483 1165 noctis
2523 1100 2786 1165 obstare

440 1211 573 1254 non
601 1190 830 1274 patiar
877 1188 1106 1253 Palam
1140 1191 1285 1254 luce
1324 1190 1589 1275 adgredi
1627 1194 1874 1254 certum
1913 1193 2039 1254 est:
2086 1189 2260 1253 malo
2307 1209 2404 1253 me
2439 1209 2622 1253 meae
2658 1190 2788 1254 for-

334 1294 403 1344 10
439 1282 636 1343 tunae
681 1277 1031 1362 paeniteat,
1077 1300 1276 1364 quam
1312 1278 1623 1343 victoriae
1659 1278 1916 1381 pudeat.
1992 1277 2096 1342 Ad
2132 1278 2296 1342 haec
2331 1267 2494 1341 illud
2533 1300 2789 1364 quoque

439 1367 714 1432 accedit.
760 1367 1022 1453 vigilias
1070 1388 1262 1452 agere
1308 1367 1626 1432 barbaros
1665 1371 1732 1432 et
1767 1367 1836 1431 in
1875 1368 2074 1432 armis
2114 1370 2306 1450 stare,
2343 1370 2419 1431 ut
2454 1388 2536 1431 ne
2574 1366 2787 1449 decipi

439 1456 700 1541 quidem
762 1456 1044 1539 possint,
1108 1459 1488 1539 conpertum
1551 1456 1781 1521 habeo.
1870 1454 2102 1541 Itaque
2157 1456 2238 1519 ad
2293 1455 2612 1539 proelium
2668 1476 2786 1520 vos

438 1548 681 1628 parate.
682 1542 705 1572 ⁹
800 1542 906 1609 Sic
950 1545 1261 1610 incitatos
1311 1545 1391 1609 ad
1438 1566 1712 1629 corpora
1758 1546 2042 1610 curanda
2089 1544 2352 1608 dimisit.

334 1650 397 1699 11
616 1632 866 1697 Dareus
905 1633 990 1717 id,
1028 1633 1197 1719 quod
1242 1632 1588 1699 Parmenio
1628 1637 1941 1717 suaserat,
1978 1634 2233 1698 hostem
2272 1632 2596 1697 facturum
2640 1652 2783 1696 esse
2805 1629 2898 1694 48

440 1720 809 1787 coniectans
854 1722 1143 1788 frenatos
1192 1744 1392 1807 equos
1442 1728 1613 1787 stare
1668 1743 2102 1809 magnamque
2159 1722 2478 1786 exercitus
2534 1724 2784 1805 partem

439 1810 511 1875 in
557 1811 754 1875 armis
802 1832 943 1876 esse
991 1834 1067 1876 ac
1112 1811 1375 1896 vigilias
1413 1812 1766 1878 intentiore
1804 1833 1958 1877 cura
1996 1812 2244 1875 servari
2279 1811 2583 1874 iusserat.
2630 1830 2786 1913 ergo

336 1919 402 1971 12
432 1900 705 2001 ignibus
752 1902 897 1964 tota
942 1900 1079 1964 eius
1128 1900 1340 1965 c'astra
1384 1901 1746 1985 fulgebant.
1835 1899 1985 1987 Ipse
2023 1922 2168 1964 cum
2216 1899 2484 1964 ducibus
2529 1900 2788 1982 propin-

440 1988 710 2074 quisque
740 1988 1006 2075 agmina
1033 1990 1101 2053 in
1130 1991 1330 2055 armis
1360 1991 1673 2055 stantium
1703 1989 2099 2071 circumibat,
2131 1986 2346 2052 Solem
2378 1990 2444 2051 et
2478 1986 2788 2051 Mithrem

441 2098 824 2162 sacrumque
872 2080 938 2141 et
986 2081 1325 2142 aeternum
1363 2079 1680 2143 invocans
1718 2079 1952 2163 ignem,
1987 2080 2063 2140 ut
2098 2076 2231 2139 illis
2269 2076 2536 2159 dignam
2574 2079 2789 2140 vetere

335 2188 401 2237 13
440 2166 653 2253 gloria
697 2166 1147 2250 maiorumque
1194 2168 1634 2232 monumentis
1679 2164 2126 2230 fortitudinem
2172 2164 2581 2246 inspirarent.
2674 2162 2792 2228 ‘Et

439 2254 762 2338 profecte,
818 2254 874 2317 si
931 2276 1059 2338 qua
1114 2254 1370 2318 divinae
1426 2255 1568 2337 opis
1615 2253 1890 2338 auguria
1931 2252 2220 2316 humana
2264 2255 2479 2313 mente
2535 2252 2792 2353 concipi

439 2346 734 2426 possent,
795 2341 950 2407 deos
1004 2344 1192 2406 stare
1258 2364 1492 2408 secum.
1583 2342 1741 2408 Illos
1796 2362 2002 2426 nuper
2063 2340 2488 2405 Macedonum
2553 2340 2789 2406 animis

442 2431 723 2495 subitam
771 2430 1122 2495 incussisse
1166 2431 1605 2496 formidinem.
1654 2431 1861 2495 adhuc
1907 2429 2283 2514 lymphatos
2340 2428 2497 2493 ferri
2555 2431 2790 2514 agique

438 2540 623 2583 arma
669 2517 1003 2583 iacientes:
1050 2523 1351 2606 expetere
1405 2520 1737 2605 praesides
1791 2518 2138 2583 Persarum
2185 2517 2446 2602 imperii
2499 2519 2639 2583 deos
2684 2519 2788 2582 de-

440 2607 613 2672 bitas
661 2627 695 2670 e
742 2607 1121 2672 vecordibus
1168 2630 1429 2692 poenas.
1519 2608 1659 2674 Nec
1703 2609 1917 2692 ipsum
1967 2608 2194 2671 ducem
2240 2606 2561 2671 saniorem
2620 2628 2789 2672 esse.

335 2716 404 2766 14
442 2696 678 2780 quippe
724 2697 860 2761 ritu
896 2696 1181 2762 ferarum
1217 2698 1526 2783 praedam
1564 2697 1776 2781 modo,
1813 2717 2007 2782 quam
2046 2699 2408 2780 expeteret,
2429 2696 2790 2760 intuentem

440 2785 509 2849 in
556 2785 929 2870 perniciem,
975 2808 1141 2872 quae
1187 2791 1337 2852 ante
1383 2786 1692 2872 praedam
1737 2786 1956 2870 posita
2000 2787 2190 2869 esset,
2232 2767 2603 2870 incurssere?

440 2951 710 3015 denkbar.
748 2989 817 3003 —
855 2960 1353 3031 circumfundi,
1394 2961 1564 3014 ‘um·
1673 2959 1814 3015 fiber
1849 2960 2014 3014 einen
2040 2958 2355 3028 Misserfolg
2381 2957 2535 3012 mich
2571 2962 2791 3028 argei-n,

440 3030 595 3100 zing
604 3029 777 3098 eln’;
822 3033 1188 3100 paucioribus
1240 3031 1319 3086 ist
1372 3033 1566 3086 natur·
1673 3031 1758 3086 als
1793 3030 1934 3086 fiber
1972 3071 1985 3086 .
2017 3074 2029 3088 .
2068 3031 2347 3084 schamen.

440 3049 595 3156 lichg
586 3101 775 3171 Dat-iv,
813 3103 904 3156 die
943 3119 1120 3172 ganne
1148 3103 1359 3157 Plu-ase
1396 3103 1568 3157 somit
1648 3153 1666 3158 -
1747 3125 1831 3174 10
1860 3121 1934 3174 i„
1961 3120 2195 3186 armis
2222 3116 2330 3170 mit
2354 3121 2501 3170 stare
2525 3116 2672 3170 auch
2700 3115 2794 3170 bei

445 3191 488 3227 Β·
516 3189 568 3226 V·
595 3189 652 3256 ‚²-
681 3174 1059 3257 cfrfflmfw'ldi
1086 3189 1244 3243 {²⁰⁸⁸ss
1272 3175 1567 3243 pauciore-⁸
1672 3189 1793 3246 Liv.
1830 3189 2194 3244 Natfirlicher
2228 3193 2377 3250 ware
2410 3186 2500 3240 die
2531 3185 2792 3256 Stellung

440 3244 812 3299 mulmudme·
1672 3267 1738 3317 ut
1771 3278 1840 3316 nc
1865 3263 2085 3331 possint
2119 3259 2336 3328 quidem
2371 3257 2565 3325 decipi.

516 3320 567 3370 6.
604 3315 922 3382 callibus,
967 3313 1195 3368 ahnlich
1231 3315 1376 3369 oben
1402 3321 1452 3370 9.
1474 3321 1562 3370 22
1747 3354 1829 3406 12·
1873 3349 2218 3412 Mithrem,
2254 3351 2305 3401 3·
2345 3350 2394 3398 3,
2435 3350 2484 3399 g,
2522 3341 2728 3398 Auch·
2710 3363 2793 3400 ιω

441 3416 509 3426 -
548 3385 889 3440 dimicari.
966 3385 1143 3439 Nicht
1176 3385 1453 3455 anstofsig
1484 3385 1566 3440 ist
1671 3417 2057 3475 Zona-Avesta
2108 3415 2250 3470 vird
2295 3416 2396 3470 der
2441 3414 2796 3486 Sonuengott

443 3454 1003 3596 ‘gggffigisszaevearfh
1029 3456 1125 3510 ‘1⁶¹‘
1150 3455 1365 3527 KamPf
1388 3457 1566 3512 ⁸⁰h⁰¹¹
1669 3509 1781 3546 von
1801 3490 2013 3545 Mithra
2029 3485 2425 3544 ausdrucklich
2444 3487 2791 3542 unterschie-

1671 3563 1796 3617 den.
1835 3592 1903 3602 -
1940 3560 2407 3627 monumentis,
2443 3557 2543 3614 der
2571 3556 2792 3630 Sieges-

516 3604 565 3724 g.
608 3597 1318 3750 ἷὲἐιῖῗῗνὲοἷιι.ειῗῄῗ
1351 3603 1564 3725 {aisti-
1672 3633 2016 3700 denkmaler
2051 3631 2364 3700 T¹⁰P¹²³⁴⁶²

440 3741 641 3796 nebat
696 3755 743 3794 0
781 3738 882 3794 inf
920 3756 963 3796 g
1002 3739 1066 3794 Ε
1106 3745 1227 3795 118
1275 3773 1340 3782 ..
1396 3743 1563 3808 ῥεια
1688 3781 1695 3787 ,
1743 3727 1828 3776 13.
1866 3721 2161 3789 concipi,
2211 3719 2476 3774 ‘erkannt
2520 3717 2790 3773 werden'.

442 3811 703 3866 ᾱοιιιιοιι.
743 3812 887 3880 das,
934 3828 1094 3879 was·
1132 3813 1244 3883 νει.
1275 3812 1367 3866 dio
1404 3780 1563 3867 ιιιιιιιῖ
1670 3821 1740 3832 -
1768 3793 1942 3864 terri
1975 3807 2242 3860 uosque
2239 3789 2438 3844 beide
2467 3790 2662 3845 Worte
2689 3788 2791 3842 fin·

444 3881 621 3936 Stelle
661 3887 743 3936 14
786 3887 869 3936 13
1669 3853 1792 3916 den
1833 3862 1954 3916 sich
2000 3863 2148 3916 auch
2200 3860 2296 3915 bei
2350 3859 2673 3915 Klassikern
2729 3859 2792 3912 in

514 3959 565 4009 9
594 3953 989 4021 absentiam
1018 3953 1125 4008 wie
1154 3970 1247 4007 am
1268 3953 1561 4008 Granicus
1669 3932 1882 3988 diesem
1911 3933 2107 4000 Sinne·
2146 3931 2486 3996 verbunden,
2515 3931 2624 3986 wie
2650 3928 2789 4006 hier

444 4023 557 4078 Das
602 4025 769 4080 Wort
808 4023 1053 4078 braucht
1096 4024 1303 4078 bereits
1349 4022 1562 4094 Cicero,
1669 4003 1816 4059 auch
1851 4004 1946 4058 bel
1980 4003 2101 4059 LIV·
2141 4033 2210 4043 -
2256 4003 2699 4070 ²00²⁶n168,8
2738 3979 2789 4054 3

441 4111 497 4162 p.
536 4093 648 4152 Pis,
686 4101 755 4150 37
794 4115 847 4150 u
888 4102 972 4150 63
1012 4125 1078 4136 .-
1116 4097 1374 4162 furtum
1408 4111 1563 4150 ‚200
1672 4080 2026 4134 11.12.-
2083 4074 2439 4172 praesides
2494 4115 2506 4128 .
2615 4072 2794 4136 deos,

445 4165 535 4218 tis
560 4163 653 4218 ffir
678 4171 1008 4220 nocturnum
1036 4166 1143 4220 wie
1160 4164 1291 4220 Tac.
1311 4165 1443 4234 Agr.
1464 4172 1560 4233 34,
1673 4145 2233 4217 Ssshussngster'·
2299 4144 2372 4198 3⁰
2411 4143 2559 4198 oster
2590 4140 2684 4198 bel
2712 4141 2791 4209 0·

447 4233 607 4301 luce,
647 4235 765 4290 ‘bei
799 4235 919 4305 Tag
922 4237 997 4304 e',
1025 4236 1129 4291 hat
1153 4238 1330 4291 sehon
1360 4235 1473 4291 Cic.
1492 4267 1560 4276 —
1669 4219 1783 4288 VSI·
1826 4219 1926 4274 ΟΨ·
1963 4219 2096 4272 ma¹²·
2138 4221 2184 4271 1·
2224 4221 2344 4269 594·

439 4306 809 4371 paeniteat.
883 4255 1047 4362 Sinn:
1093 4307 1271 4364 lieber
1316 4307 1433 4364 will
1468 4307 1564 4362 ich
1746 4310 1829 4361 14.
1861 4307 2122 4378 posita;
2159 4302 2391 4358 ahnlich
2420 4302 2621 4372 laquei,
2649 4302 2795 4356 retia
