3069 4749
442 171 571 236 190
1342 175 1405 238 Q.
1444 175 1664 226 GURTI
1698 175 1871 226 RUFI

332 344 398 394 31
436 333 687 420 ingredi
733 335 945 400 iussus
994 334 1194 399 alium
1239 339 1554 400 terrorem
1599 335 1820 401 intulit
1863 335 2179 401 barbaris.
2270 333 2574 438 Undique
2623 355 2782 419 ergo

436 421 861 488 Macedonum
908 422 1105 488 armis
1151 423 1553 508 fulgentibus
1601 425 1876 526 ancipiti
1913 425 2082 489 malo
2123 425 2418 507 oppressi
2462 445 2779 489 memora-

435 511 569 577 bile
613 514 834 576 tamen
880 513 1193 596 proelium
1240 513 1455 577 edunt.
1545 511 1638 578 Ut
1684 515 1937 614 opinor,
1991 512 2322 597 ignaviam
2369 534 2624 598 quoque
2668 534 2778 578 ne-

330 611 399 661 32
436 600 705 665 cessitas
751 602 927 665 acuit
972 605 1039 667 et
1084 623 1275 685 saepe
1320 601 1684 685 desperatio
1741 602 1881 685 spei
1935 622 2132 666 causa
2185 604 2302 667 est.
2390 600 2566 667 Nudi
2627 623 2777 666 con-

436 688 889 773 plectebantur
934 693 1219 755 armatos
1264 693 1331 754 et
1375 691 1628 775 ingenti
1674 711 2015 774 corporum
2061 690 2231 755 mole
2271 710 2490 754 secum
2533 695 2777 755 terram

330 788 398 837 33
438 776 848 843 detrahentes
913 779 1203 862 ipsorum
1256 778 1405 844 telis
1465 780 1808 863 plerosque
1862 778 2210 844 fodiebant.
2300 778 2778 844 Ariobarzanes

432 869 656 930 tamen
700 884 795 931 XL
838 865 1042 931 ferme
1089 867 1409 953 equitibus
1456 870 1524 931 et
1567 886 1614 932 v
1659 868 1922 933 milibus
1981 867 2270 952 peditum
2324 867 2604 951 stipatus
2659 890 2778 951 per

434 954 715 1019 mediam
761 956 965 1020 aciem
1011 954 1436 1021 Macedonum
1482 977 1632 1021 cum
1675 956 1884 1021 multo
1933 977 2194 1021 suorum
2241 960 2436 1040 atque
2482 957 2774 1023 hostium

330 1143 399 1193 34
435 1063 765 1197 ἓέᾃὲἒὲὲξ
800 1048 1038 1197 ‘³135ss
1029 1044 1493 1199 ..12322213‘1'133'2
1529 1045 2775 1200 gssgmgxglffl2353313345802225352

432 1219 730 1285 hostibus
778 1240 923 1285 cum
968 1222 1267 1286 omnibus
1312 1221 1507 1308 fugae
1555 1222 1898 1288 comitibus
1956 1225 2263 1288 renovato
2319 1224 2566 1307 proelio
2615 1227 2776 1288 ceci-

434 1309 547 1374 dit.
638 1307 939 1374 Craterus
987 1331 1241 1395 quoque
1285 1311 1527 1394 raptim
1575 1312 1836 1397 agmine
1884 1316 2030 1378 acto
2079 1312 2467 1396 supervenit.

1468 1487 1626 1555 Off.
1672 1489 1752 1555 V.

362 1642 389 1689 1
606 1627 746 1694 Rex
792 1628 1017 1696 eodem
1061 1631 1225 1714 loco,
1270 1653 1398 1716 quo
1444 1631 1733 1697 hostium
1779 1631 1998 1715 copias
2039 1630 2312 1716 fuderat,
2348 1635 2563 1697 castra
2598 1653 2770 1697 com·
2797 1635 2881 1699 17

430 1717 656 1784 munit.
748 1717 1153 1805 Quamquam
1201 1721 1375 1784 enim
1416 1717 1694 1806 'undique
1740 1721 1949 1807 fugati
1984 1720 2208 1785 hostes
2244 1721 2584 1786 victoriam
2623 1743 2774 1786 con—

433 1811 779 1892 cesserant,
825 1811 1048 1873 tamen
1091 1808 1420 1892 praealtae
1464 1809 1979 1894 praecipitesque
2016 1809 2232 1874 fossae
2267 1809 2562 1893 pluribus
2609 1809 2772 1875 locis

431 1895 723 1961 obiectae
779 1895 1175 1981 abruperant
1226 1897 1379 1962 iter·
1438 1897 1804 1982 sensimque
1860 1902 1925 1962 et
1980 1901 2166 1963 caute
2224 1897 2776 1983 progrediundum

359 1997 392 2046 2
430 1988 587 2066 erat,
631 1985 765 2049 iam
811 2007 945 2051 non
989 1984 1304 2070 hostium,
1364 1986 1477 2051 sed
1521 1986 1815 2052 locorum
1866 1986 2094 2052 fraude
2141 1991 2457 2070 suspecta.
2547 1986 2775 2052 Proce-

430 2034 607 2138 denti
653 2073 716 2138 ei
760 2073 1020 2139 litterae
1055 2074 1414 2140 redduntur
1462 2097 1501 2140 a
1545 2073 1852 2160 Tiridate,
1890 2074 2155 2176 custode
2192 2075 2500 2159 pecuniae
2536 2076 2774 2162 regiae,

426 2160 790 2227 indicantes
839 2184 949 2228 eos
958 2213 979 2248 ,
1034 2164 1143 2247 qui
1196 2163 1264 2227 in
1313 2164 1469 2229 urbe
1517 2168 1760 2248 essent,
1815 2162 2036 2230 audito
2093 2163 2230 2229 eius
2292 2163 2570 2229 adventu
2625 2165 2775 2228 diri-

426 2271 581 2335 pere
626 2251 793 2315 velle
838 2251 1201 2318 thesauros,
1261 2257 1646 2338 properaret
1701 2273 2010 2340 occupare
2065 2251 2404 2336 thesauros
2463 2251 2774 2318 divitissi-

428 2360 597 2405 mos:
646 2338 1018 2423 expeditum
1066 2341 1192 2406 iter
1238 2361 1396 2444 esse,
1444 2363 1834 2427 quamquam
1879 2340 2130 2409 Araxes
2167 2342 2373 2407 amnis
2419 2341 2772 2408 interfluat.

358 2443 390 2491 3
428 2426 694 2493 Nullam
753 2428 1058 2494 virtutem
1116 2430 1289 2515 regis
1348 2431 1584 2496 iustius
1644 2453 1837 2516 quam
1893 2431 2293 2497 celeritatem
2347 2430 2772 2497 laudaverim·

426 2516 669 2582 relictis
714 2516 1124 2601 pedestribus
1172 2519 1375 2604 copiis
1423 2523 1566 2585 tota
1609 2526 1799 2587 nocte
1843 2524 2044 2585 vectus
2089 2541 2234 2585 cum
2292 2520 2616 2604 equitibus
2663 2520 2770 2585 iti-

426 2605 600 2670 neris
655 2609 843 2671 tanto
906 2606 1118 2692 spatio
1178 2606 1475 2693 fatigatis
1539 2609 1620 2673 ad
1665 2608 1926 2674 Araxen
1985 2609 2198 2693 prima
2255 2608 2397 2675 luce
2458 2608 2770 2693 pervenit.

354 2708 389 2757 4
423 2692 575 2758 Vici
638 2698 823 2759 erant
880 2696 948 2760 in
1005 2696 1399 2799 propianO,
1464 2698 1696 2781 quibus
1757 2697 1987 2763 dirutis
2042 2702 2307 2780 pontem
2363 2718 2440 2763 ex
2499 2698 2772 2763 materia

426 2804 650 2848 eorum
696 2782 976 2849 subditis
1024 2785 1198 2851 saxis
1246 2789 1508 2850 strenue
1554 2786 1825 2903 induxit.

490 2997 580 3048 31.
629 2994 710 3048 Ut
745 2995 1002 3063 opinor.
1022 2992 1324 3050 Disselben
1343 2995 1542 3051 Worte
1649 2997 1931 3053 concedere
1967 2997 2033 3053 de
2066 2998 2314 3053 victoria.
2363 3028 2430 3038 —
2481 2997 2772 3052 locorum

422 3081 515 3119 am
551 3064 943 3134 Satzanfange‚
981 3065 1089 3120 wie
1126 3065 1265 3133 hier,
1304 3068 1447 3121 auch
1488 3073 1536 3121 7.
1646 3068 1891 3133 fraude
1928 3084 1970 3122 s.
2002 3074 2050 3122 ⁷.
2073 3073 2122 3121 ⁷.
2143 3074 2239 3137 343
2275 3068 2389 3139 vgl.
2425 3069 2628 3136 fraude
2663 3070 2771 3123 loci

424 3140 471 3188 1.
511 3141 597 3190 31.
635 3166 703 3175 —
750 3137 1119 3191 necessitas
1164 3139 1367 3192 acuit
1428 3139 1543 3193 Der
1648 3142 1700 3193 et
1734 3138 1910 3193 noctis
1946 3137 2040 3193 bei
2074 3138 2289 3210 Vergil.

421 3204 641 3289 gleiche
680 3205 945 3261 Gedanke
982 3213 1031 3262 4.
1075 3216 1121 3262 1.
1160 3213 1245 3276 29,
1287 3213 1368 3264 14.
1408 3214 1494 3262 22.
1718 3214 1767 3263 2.
1806 3210 2283 3279 divitissimos,
2329 3210 2435 3264 wie
2481 3211 2593 3265 diti
2627 3226 2768 3281 yaza

494 3281 580 3332 32.
617 3278 883 3347 inyenti
918 3295 961 3333 c.
998 3279 1186 3346 mole,
1233 3278 1411 3334 durch
1447 3280 1540 3335 die
1653 3283 1825 3334 1.10.
1885 3280 1938 3339 S
1975 3281 2123 3337 auch
2159 3281 2250 3337 die
2286 3282 2448 3336 Anm.
2487 3300 2554 3335 zu
2591 3286 2766 3338 3.10.

421 3348 651 3415 Wucht,
674 3348 934 3403 Schwere
960 3348 1111 3404 ihrer
1139 3350 1382 3418 riesigen
1398 3350 1540 3404 Κδτ-
1650 3356 1732 3405 10.
1775 3350 1832 3408 C.
1871 3352 1972 3407 hat
2014 3368 2119 3407 nur
2165 3352 2255 3407 die
2290 3351 2458 3406 Form
2503 3353 2770 3409 divitissi-

423 3434 539 3487 per.
592 3448 660 3459 —
714 3420 1012 3487 ipsorum
1064 3421 1202 3490 geht
1256 3420 1540 3476 naturlich
1648 3438 1785 3477 mua

427 3488 529 3542 auf
552 3490 847 3559 plerosque.
1720 3499 1769 3548 3.
1818 3511 1956 3549 cum
2010 3493 2352 3563 equitibus
2400 3488 2516 3548 ἀπὸ
2567 3494 2770 3548 κοινοῦ

498 3566 583 3614 33.
612 3562 934 3629 stipatus,
963 3578 1070 3615 nur
1086 3562 1234 3616 noch
1260 3563 1540 3633 umgeben
1648 3563 1756 3618 mit
1789 3570 1969 3620 vecms
2003 3564 2116 3619 und
2144 3564 2252 3620 den
2279 3564 2580 3635 folgenden
2606 3564 2767 3619 Wor·

423 3648 535 3687 von
572 3635 713 3685 5040
749 3631 945 3700 Mann3
984 3650 1026 3687 8.
1066 3639 1095 3699 g
1136 3639 1219 3689 17.
1648 3638 1746 3689 ten
1773 3654 1843 3689 zu
1869 3636 2191 3690 verbinden.
2213 3637 2627 3705 —fatiyatis
2655 3635 2708 3689 d.
2727 3637 2765 3691 i.

496 3708 579 3756 34.
619 3704 867 3772 raptim
904 3719 1062 3774 aym.
1099 3710 1246 3760 acto
1284 3722 1326 3761 s.
1365 3711 1414 3761 9.
1456 3712 1538 3761 10.
1648 3706 1860 3761 welche
1908 3705 2249 3761 schliefslich
2293 3706 2552 3789 ganzlich
2599 3706 2767 3777 abge-

428 3779 519 3840 143
568 3773 815 3829 dieselbe
850 3774 1062 3829 Phrase
1100 3774 1243 3830 auch
1289 3776 1382 3830 bei
1417 3775 1541 3832 Liv.
1649 3776 1856 3831 mattet
1889 3793 2091 3832 waren.
2166 3776 2602 3847 Vgl.1·1brigens
2643 3784 2691 3832 7.
2715 3784 2764 3833 9.

424 3872 492 3884 —
528 3847 941 3913 supervenit,
975 3844 1155 3901 stiefs
1183 3847 1317 3901 bald
1334 3846 1544 3903 wieder
1649 3854 1716 3902 21
1755 3848 1977 3917 lonywm
2011 3849 2231 3903 itineris
2263 3850 2522 3918 spatium.

422 3930 550 3969 zum
587 3916 811 3971 Heere'.
866 3916 1030 3971 Nach
1064 3916 1271 3972 Arrian
1308 3919 1539 3973 entkam
1715 3924 1769 3971 4.
1820 3920 2126 3981 induxit,
2182 3936 2249 3973 zu
2302 3919 2608 3975 verbinden
2660 3918 2770 3975 mit

423 3986 828 4042 Ariobarzanes
865 3987 924 4042 in
962 3988 1053 4042 die
1088 3987 1287 4060 Berge.
1644 3989 1879 4044 subditis
1903 3991 2058 4045 saxis
2075 3989 2310 4059 (Dativ),
2337 3991 2626 4046 braohte
2655 4007 2768 4058 an,

861 4111 995 4169 Κ...
1033 4112 1101 4167 v.
1646 4062 2046 4187 mma...
2066 4061 2572 4202 {Maza
2596 4031 2768 4188 aaz?

496 4205 544 4252 1.
616 4201 973 4257 victoriam
1052 4207 1538 4258 concesserant.
1645 4208 1788 4273 tum,
1833 4204 2046 4259 tabellis
2091 4220 2286 4260 ceram.
2334 4203 2598 4260 flumini
2624 4220 2764 4272 pon·

419 4267 681 4325 Disselbe
700 4273 1013 4328 Redensart
1040 4274 1185 4328 auch
1211 4272 1305 4327 bei
1332 4273 1365 4327 J
1367 4272 1534 4327 ustin.
1645 4278 1749 4329 tem
1811 4276 2069 4331 inducere
2130 4290 2247 4328 war
2308 4273 2472 4329 keine
2535 4274 2766 4329 ubliche

422 4337 541 4394 Liv.
580 4340 684 4395 hat
716 4343 777 4398 in
804 4343 1017 4401 diesem
1045 4343 1218 4400 Sinne
1246 4344 1398 4399 wohl
1434 4362 1540 4399 nur
1646 4344 1873 4413 Phrase‚
1913 4346 2056 4401 auch
2092 4345 2331 4400 braucht
2367 4344 2424 4400 C.
2455 4344 2516 4400 in
2551 4346 2764 4401 diesem
