3069 4749
854 118 1365 175 HISTORIARUM
1399 119 1832 185 ALEXANDRI
1868 121 1992 191 VII,
2029 128 2080 179 2.
2546 124 2632 189 59

276 286 571 351 maestus
634 304 767 349 non
826 302 1013 347 suam
1063 281 1295 365 vicem,
1368 282 1482 347 sed
1540 286 1809 367 propter
1862 283 2076 367 ipsum
2130 284 2636 369 periclitantium

276 374 575 439 fratrum.
648 370 1072 454 Moveratque
1108 369 1242 434 iam
1276 388 1499 455 regem
1536 390 1808 455 quoque,
1842 393 1978 437 non
2013 372 2383 439 contionem
2419 374 2633 460 mod0,
2671 404 2705 452 6

274 463 393 527 sed
448 482 617 525 unus
674 461 817 525 erat
878 457 1291 542 inplacabilis
1352 458 1580 541 frater,
1636 458 1750 543 qui
1802 460 2083 525 terribili
2135 462 2319 528 vultu
2371 462 2634 529 intuens

276 547 455 635 eum³‚
502 546 734 632 εΤι1111’,
790 546 911 630 ait,
968 544 1284 630 ‘demens‚
1328 547 1670 613 lacrimare
1716 546 2060 633 debueras,
2104 571 2251 615 cum
2297 552 2477 635 equo‘
2509 553 2634 617 cal-

274 638 458 705 caria
503 637 834 714 subderes,
878 635 1157 700 fratrum
1206 634 1497 701 desertor
1533 640 1602 701 et
1638 634 2043 702 desertorum
2089 659 2323 704 comes.
2411 638 2633 721 Miser,

277 748 416 811 quo.
466 729 535 791 et
588 726 758 791 unde
811 723 1140 810 fugiebas!
1229 722 1551 808 Effecisti,
1613 726 1690 788 ut
1746 746 1894 789 reus
1949 727 2182 811 capitis
2237 729 2634 795 accusatoris

279 818 498 880 uterer
523 811 780 879 verbis'.
832 811 956 877 Ille
981 833 1285 896 peccasse
1314 834 1402 895 se,
1438 812 1554 878 sed
1579 812 1754 879 haud
1777 813 2039 897 gravius
2068 814 2139 879 in
2173 814 2408 881 fratres
2438 839 2633 902 quam
2671 828 2702 877 ‘1

280 905 352 967 in
399 903 819 987 semetipsum
863 900 1211 965 fatebatur.
1306 900 1471 965 Tum
1510 922 1663 967 vero
1700 923 1910 987 neque
1945 902 2236 968 lacrimis
2271 926 2482 989 neque
2525 905 2633 971 ad-

278 992 803 1075 clamationibus,
839 990 1076 1074 quibus
1114 988 1333 1055 studia
1369 1010 1487 1054 sua
1524 990 1878 1056 multitudo
1916 991 2278 1077 profitetur,
2312 995 2646 1077 tempera·-

280 1084 533 1145 verunt.
621 1078 775 1145 Una
818 1099 945 1143 vox
991 1081 1133 1141 erat
1175 1078 1321 1163 pari
1367 1079 1609 1143 emissa
1653 1100 1991 1163 consensu,
2035 1083 2112 1145 ut
2155 1080 2528 1148 insontibus
2570 1085 2636 1147 et

278 1168 563 1233 fortibus
617 1168 779 1232 viris
833 1170 1147 1250 parceret.
1235 1165 1457 1231 Amici
1501 1188 1756 1252 quoque
1802 1166 1957 1232 data
2001 1169 2484 1235 misericordiae
2530 1191 2633 1236 oc-

278 1257 541 1322 casione
587 1257 987 1340 consurgunt
1026 1254 1384 1339 flentesque
1427 1274 1652 1339 regem
1686 1256 2129 1339 deprecantur.
2207 1257 2333 1323 Ille
2370 1259 2633 1323 silentio
2671 1276 2705 1327 8

276 1346 485 1423 facto,
549 1342 662 1409 ‘Et
715 1343 915 1427 ipse'‚'
960 1344 1201 1428 inquit,
1257 1343 1622 1427 ‘Amyntan
1683 1365 1831 1409 mea
1893 1345 2215 1427 sententia
2267 1346 2634 1432 fratresque

279 1435 417 1499 eius
456 1433 747 1499 absolvo.
828 1431 967 1497 Vos
1008 1435 1244 1515 autem,
1281 1431 1566 1515 iuvenes,
1602 1432 1776 1499 malo
1813 1433 2112 1498 beneficii
2151 1433 2280 1498 mei
2317 1435 2633 1521 oblivisci,

277 1544 475 1607 quam
520 1521 795 1605 periculi
831 1521 1037 1587 vestri
1074 1520 1467 1585 meminisse.
1549 1520 1801 1586 Eadem
1836 1521 1962 1587 fide
1998 1520 2206 1587 redite
2244 1523 2314 1588 in
2350 1525 2633 1609 gratiam

226 1648 237 1655 ·
276 1632 551 1695 mecum,
594 1632 725 1695 qua
766 1610 910 1693 ipse
947 1609 1286 1675 vobiscum
1322 1612 1634 1675 revertor.
1722 1607 1892 1693 Nisi,
1938 1632 2102 1695 quae
2140 1611 2358 1676 delata
2394 1616 2632 1696 essent,
2670 1634 2702 1683 9

279 1700 735 1783 excussissem,
790 1698 925 1764 alte
982 1698 1415 1763 dissimulatio
1472 1718 1620 1762 mea
1677 1720 2034 1781 suppurare
2080 1700 2419 1782 potuisset.
2508 1698 2634 1766 Sed

276 1788 488 1853 satius
536 1789 637 1852 est
678 1791 996 1871 purgatos
1042 1808 1213 1867 esse,
1264 1807 1464 1870 quam
1510 1790 1867 1869 suspectos.
1957 1784 2260 1871 Cogitate
2305 1787 2633 1854 neminem

279 1876 533 1942 absolvi
580 1896 799 1959 posse,
844 1875 973 1940 nisi
1020 1874 1133 1959 qui
1178 1875 1416 1940 dixerit
1462 1896 1743 1940 causam.
1833 1874 1959 1958 Tu,
2009 1874 2321 1960 Amynta,
2366 1877 2633 1961 ignosce
2673 1898 2740 1947 10

276 1965 468 2030 fratri
514 1967 647 2029 tuo.
736 1962 887 2029 Erit
929 1964 1054 2029 hoc
1100 1962 1486 2047 simpliciter
1529 1963 1729 2027 etiam
1774 1962 1939 2027 mihi
1983 1964 2386 2031 reconciliati
2431 1966 2634 2031 animi

277 2053 379 2119 tui
425 2051 711 2137 pignus'.

460 2138 781 2207 Contione
816 2140 1045 2206 deinde
1080 2139 1350 2205 dimissa
1375 2139 1852 2223 Polydamanta
1886 2140 2105 2206 vocari
2138 2141 2335 2206 iubet.
2407 2140 2630 2226 Longe
2673 2164 2738 2213 11

279 2229 775 2313 acceptissimus
828 2228 1245 2295 Parmenioni
1299 2232 1441 2293 erat
1448 2280 1468 2314 ,
1522 2230 1858 2313 proximus
1915 2229 2108 2294 lateri
2161 2230 2232 2293 in
2277 2230 2416 2296 acie
2459 2234 2634 2296 stare

280 2319 541 2385 solitus:
605 2320 675 2384 et
736 2340 1131 2405 quamquam
1194 2316 1592 2384 conscientia
1653 2317 1860 2383 fretus
1917 2318 1987 2383 in
2042 2317 2294 2405 regiam
2346 2323 2632 2406 venerat,
2672 2342 2739 2393 12

274 2412 520 2493 tamen,
578 2411 654 2473 ut
705 2409 920 2474 iussus
976 2411 1079 2472 est
1131 2407 1367 2473 fratres
1426 2429 1579 2472 suos
1627 2405 1927 2472 exhibere
1974 2407 2319 2472 admodum
2364 2409 2629 2494 iuvenes

274 2502 343 2563 et
402 2497 545 2581 regi
599 2498 865 2582 ignotos
927 2497 1012 2563 ob
1074 2499 1386 2579 aetatem,
1446 2494 1687 2560 fiducia
1749 2497 1821 2561 in
1883 2496 2390 2563 sollicitudinem
2444 2520 2634 2564 versa

274 2724 621 2779 diverberare
670 2729 722 2778 4.
758 2728 810 2778 4.
848 2729 881 2777 8
934 2722 1051 2778 und
1092 2723 1399 2778 everberare
1503 2722 1584 2792 fig
1611 2721 1721 2776 den
1745 2721 1948 2777 Modus
1977 2722 2074 2776 des
2109 2722 2500 2778 ausserlich
2535 2725 2632 2780 ab·

276 2800 329 2849 4.
359 2801 410 2849 8.
442 2799 509 2848 18
536 2811 590 2848 u.
618 2799 669 2848 ὃ.
696 2795 845 2863 poet.
884 2812 937 2848 u.
964 2793 1395 2852 nachclassisch.
1503 2791 1794 2862 hangigen
1809 2793 1863 2848 N
1866 2793 2188 2848 ebensatzes
2205 2793 2338 2848 dem
2355 2794 2633 2852 conditio-

276 2895 349 2907 -
375 2866 581 2920 vicem
607 2880 652 2918 c.
682 2865 868 2932 genet.
896 2863 1031 2918 oder
1054 2881 1210 2932 pron.
1228 2881 1398 2935 poss„
1502 2864 1651 2918 nalis
1690 2864 1790 2918 des
1824 2863 2213 2932 Hauptsatzes.
2253 2893 2322 2906 --
2357 2865 2497 2920 alte
2527 2907 2540 2920 .
2571 2909 2585 2922 .
2617 2908 2630 2921 .

278 2935 614 3006 cigentlichz
657 2935 742 2989 ‘in
776 2933 869 2989 die
898 2933 1075 2989 Stella
1103 2934 1397 3002 jemandes
1503 2951 1975 3004 suppurare==
1993 2935 2062 2989 in
2088 2933 2207 2989 der
2234 2933 2430 2989 Tisse
2457 2935 2632 2990 fort-

276 3004 661 3076 (ammtendy
702 3005 843 3060 wird
878 3005 1025 3060 auch
1061 3007 1401 3076 ubertragen
1505 3004 1757 3073 sitsi-123
1790 3005 1908 3074 vgl.
1932 3010 2276 3074 suppuratus
2300 3005 2459 3061 dolor
2486 3006 2634 3061 oben

276 3078 590 3147 gebraucht
616 3101 685 3124 ε-
711 3076 781 3132 in
809 3075 1169 3146 jemandes
1198 3077 1397 3132 Scele
1508 3083 1558 3133 1.
1608 3082 1639 3131 7
1686 3076 1803 3131 und
1847 3077 1956 3131 alte
1998 3077 2363 3146 supprimere,
2410 3092 2635 3146 coquere

274 3147 540 3216 111116111,
594 3166 699 3204 um
738 3147 1097 3217 jemandes
1138 3147 1401 3216 willon,
1506 3149 1670 3202 iram.
1749 3146 2167 3214 Dissimulatio,
2213 3146 2321 3202 mit
2354 3148 2474 3203 alta
2509 3163 2633 3203 ver-

273 3219 626 3276 namentlieh
649 3219 744 3275 bei
760 3217 1013 3274 Phrasen
1039 3217 1137 3274 des
1164 3217 1399 3274 Affekts.
1507 3217 1734 3273 bunden
1783 3223 1865 3275 10.
1904 3223 1953 3272 9.
1991 3223 2052 3285 8,
2087 3216 2168 3272 ist
2199 3217 2325 3273 hier
2359 3217 2460 3275 das
2496 3218 2634 3274 Ver-

276 3289 351 3346 So
388 3293 517 3362 sagt
541 3291 759 3347 Livius:
796 3295 1045 3346 nostram
1081 3291 1251 3344 vicem
1284 3290 1401 3344 ira·
1507 3288 1722 3358 bergen
1758 3287 1858 3344 der
1889 3287 2310 3360 Geshmnng,
2349 3289 2520 3345 somit
2553 3289 2636 3344 im

274 3377 413 3429 scor,
440 3363 789 3431 superator-ia
812 3362 983 3417 vicem
1007 3361 1291 3416 sollicitus,
1338 3359 1404 3414 In
1508 3358 1999 3430 Zusammenhang
2032 3377 2075 3416 s.
2113 3377 2167 3416 v.
2205 3376 2257 3415 a.
2297 3359 2508 3416 Groll.

278 3432 559 3502 gleichem
579 3433 749 3488 Sinne
776 3432 967 3486 warde
995 3431 1143 3486 auch
1171 3429 1272 3485 der
1285 3419 1401 3484 Ab·
1584 3435 1668 3486 10.
1707 3431 2147 3500 simpliciter,
2191 3430 2493 3502 ehrlich,
2530 3431 2637 3488 mit

276 3504 419 3558 lativ
454 3505 570 3558 vice
604 3503 918 3573 gebraucht
954 3519 997 3558 s.
1039 3507 1124 3556 11.
1161 3506 1249 3556 20.
1508 3502 1852 3557 reconciliati
1886 3519 1957 3556 zu
1989 3500 2313 3558 verbinden.

350 3596 399 3645 6.
438 3606 564 3659 quo
599 3595 658 3644 et
692 3593 865 3646 unde
932 3590 986 3646 d·
1016 3591 1071 3644 h,
1110 3589 1385 3646 adm
1585 3577 1668 3628 11.
1728 3571 2232 3643 Polydamanta
2285 3589 2328 3628 Β.
2367 3578 2419 3626 4.
2460 3576 2542 3627 15.
2583 3579 2634 3628 6.

277 3661 341 3716 ὑ,
377 3661 590 3715 dogma
624 3678 663 3716 a
694 3633 967 3728 fratribus
1002 3662 1131 3717 mig·
1384 3630 1403 3657 ³
1509 3641 1587 3696 Er
1623 3659 1739 3698 war
1775 3643 1930 3700 einer
1965 3643 2066 3698 der
2093 3637 2310 3713 ἑταῖροι
2337 3645 2634 3715 βασιλικοί.

310 3825 333 3838 ..
352 3755 401 3804 7.
451 3749 616 3818 pari
660 3765 708 3804 o.
756 3765 1079 3805 consensu
1124 3749 1400 3820 tautolog.
1506 3719 1686 3854 15.st
1723 3713 1816 3838 Et]
1858 3713 2444 3854 ffi'sssse'ggrzmffinf}
2461 3715 2635 3854 Ἓξ·

274 3819 369 3874 fur
401 3835 611 3875 mmmm
645 3835 693 3874 ⁰·
731 3836 1008 3922 emefwu·
1313 3909 1327 3921 ,
1508 3853 1623 3909 Der
1676 3854 1805 3910 dem
1861 3854 2264 3910 Schriftsteller
2319 3855 2634 3910 vorschwe-

306 3979 320 3991 ,
348 3913 399 3964 3·
438 3925 577 3991 ”²5³⁰
610 3913 976 3991 nmmum
1012 3909 1192 3966 ‘lumb
1218 3925 1402 3964 meme
1508 3924 1690 3980 bende
1711 3925 2495 3996 Gedankensusammenhang
2515 3941 2636 3979 war

274 3979 637 4036 ²⁸²0h¹²³¹l¹0h0
663 3977 1102 4050 Enl'flsshffldung·
1131 4012 1194 4022 ····
1226 3981 1358 4036 mal
1370 3996 1403 4035 ⁰
1510 3995 1659 4050 wohl
1684 3996 2004 4066 folgenden
2030 3996 2152 4052 Pol.
2171 4013 2290 4050 war
2307 3996 2391 4050 als
2409 3994 2636 4052 intimer

278 4092 327 4132 3.
349 4091 361 4104 .
391 4051 784 4107 meminisse.
838 4049 1107 4108 Derselbe
1131 4050 1401 4106 Godanke
1508 4065 1731 4122 promul
1743 4067 2148 4124 degpmenio
2168 4083 2283 4122 von
2299 4064 2636 4123 vomherein

274 4139 336 4174 ¹1²
371 4121 607 4177 auderet
640 4121 941 4194 Wendung
977 4128 1026 4177 6-
1065 4128 1117 4177 8·
1154 4127 1205 4176 ὅ·
1502 4138 1842 4208 yerdaehtig
1886 4138 2028 4192 und
2070 4136 2246 4193 bald
2291 4137 2474 4206 zeigte
2512 4135 2634 4193 siah

349 4215 401 4264 9.
464 4212 719 4267 delata
780 4215 1019 4265 essent
1080 4209 1172 4264 fiir
1224 4212 1398 4264 erant.
1506 4207 2634 4278 auchinseinomAuftreteneineAengst-

276 4277 441 4336 Auoh
467 4280 559 4337 die
586 4281 871 4338 Classiker
896 4280 1234 4351 assimiliren
1261 4280 1402 4334 hau-
1506 4277 1769 4349 lichkeit,
1805 4279 1899 4335 die
1927 4279 2101 4350 jenen
2126 4278 2416 4334 Verdacht
2448 4279 2636 4334 besta·
