3069 4749
146 2366 233 2433 20

130 3696 145 3712 .
235 3665 384 3716 seent

562 233 650 291 ο.
815 202 1321 256 ms'romARUM
1355 202 1778 255 ALEXANDRI
1813 203 1879 267 v,
1917 206 1966 255 ὅ.
2007 206 2055 255 c.
2491 196 2620 267 193

258 366 460 432 etiam
508 386 547 429 a
592 364 892 431 barbaris
942 366 1181 449 expeti:
1240 385 1403 451 quae
1448 364 1742 449 ingenita
1791 364 1921 449 ipsi
1969 363 2274 430 omissuri
2320 364 2450 429 sint
2497 388 2616 431 sua

258 456 525 540 sponte,
570 475 706 520 non
752 454 835 519 ob
884 454 1061 519 aliud
1108 457 1247 520 tam
1292 452 1686 536 calamitosi,
1743 473 1939 537 quam
1994 452 2167 537 quod
2221 452 2352 517 illis
2399 474 2616 519 carere

258 542 469 609 coacti
526 544 760 609 essent.
854 541 935 608 Se
982 545 1156 608 certe
1211 542 1572 607 rediturum
1630 541 1711 605 ad
1767 544 2036 626 penates
2093 546 2157 606 et
2207 541 2280 605 in
2333 543 2615 626 patriam
2651 556 2722 607 2ο

258 634 575 716 tantoque
635 631 951 698 beneficio
1005 630 1181 717 regis
1236 652 1533 696 usurum:
1591 630 1648 695 si
1704 651 1864 715 quos
1919 628 2327 695 contubernii
2382 630 2617 697 libero-

257 742 561 805 rumque,
622 741 785 804 quos
850 720 1125 785 servitus
1188 720 1513 805 coegisset
1567 719 1985 803 adgnoscere,
2042 740 2226 785 amor
2281 719 2614 801 detineret,

257 809 717 894 relinquerent,
765 810 999 895 quibus
1045 809 1210 875 nihil
1255 809 1467 893 patria
1515 807 1730 873 carius
1777 811 1893 873 est.
1983 806 2182 872 Pauci
2227 807 2420 874 huius
2469 830 2614 875 sen-
2650 829 2718 879 21

258 898 505 963 tentiae
570 898 779 964 fuere:
837 901 1085 964 ceteros
1141 896 1536 965 consuetudo
1600 900 1838 961 natura
1900 896 2120 980 potior
2181 895 2356 962 vicit.
2447 895 2614 964 Con-

260 988 619 1071 senserunt,
664 987 1017 1073 petendum
1064 1008 1207 1053 esse
1252 1008 1293 1051 a
1335 1006 1514 1071 rege,
1560 988 1635 1051 ut
1681 986 1972 1072 aliquam
2019 985 2179 1069 ipsis
2227 986 2612 1053 attribueret

257 1075 493 1140 sedem.
542 1092 584 1141 c
632 1076 714 1140 ad
760 1075 884 1141 hoc
931 1076 1121 1141 electi
1169 1078 1347 1141 sunt:
1395 1096 1559 1159 quos
1598 1073 1967 1140 Alexander
2011 1077 2214 1158 ratus„
2253 1074 2425 1159 quod
2470 1076 2608 1160 ipse
2649 1096 2718 1145 22

255 1168 588 1247 praestare
652 1164 1014 1249 cogitabat,
1075 1163 1396 1250 petituros
1412 1213 1430 1246 ,
1492 1162 1873 1247 ‘Iumenta',
1931 1163 2175 1248 inquit,
2231 1162 2612 1249 ‘adsignari,

256 1273 425 1336 quae
488 1274 605 1318 vos
665 1253 1003 1337 veherent,
1059 1256 1127 1319 et
1181 1252 1454 1338 singulis
1499 1255 1791 1317 vestrum
1846 1252 2030 1317 milia
2092 1252 2426 1317 denarium
2474 1252 2614 1319 dari

255 1340 435 1406 iussi.
528 1338 693 1406 Cum
737 1341 1058 1407 redieritis
1106 1341 1177 1406 in
1222 1340 1592 1425 Graeciam,
1648 1341 2024 1426 praestabo,
2079 1362 2162 1405 ne
2209 1342 2316 1425 qui
2363 1345 2612 1407 statum

254 1450 463 1511 suum,
510 1430 567 1493 si
611 1430 772 1495 haec
820 1430 1161 1496 calamitas
1218 1430 1423 1515 absit,
1477 1432 1698 1496 vestro
1757 1429 1978 1495 credat
2035 1451 2176 1495 esse
2231 1430 2608 1497 meliorem?

253 1517 360 1583 Illi
406 1518 655 1583 obortis
702 1519 989 1585 lacrimis
1034 1523 1276 1584 terram
1322 1519 1744 1585 intuebantur
1779 1540 1899 1584 nec
1938 1520 2054 1585 aut
2094 1518 2341 1603 erigere
2387 1519 2606 1585 vultus
2645 1542 2714 1592 23

252 1609 366 1672 aut
428 1608 611 1692 loqui
676 1608 1027 1673 audebant:
1089 1607 1355 1673 tandem
1417 1627 1572 1692 rege
1625 1608 1935 1673 tristitiae
1997 1628 2260 1674 causam
2312 1608 2606 1693 exigente

252 1693 619 1761 Euctemon
666 1696 907 1762 similia
951 1697 1055 1780 iis,
1100 1718 1266 1783 quae
1312 1697 1383 1761 in
1428 1696 1706 1763 consilio
1754 1696 2026 1781 dixerat,
2066 1696 2418 1779 respondit.
2481 1695 2603 1763 At-
2642 1719 2713 1769 24

252 1804 373 1869 que
434 1784 551 1849 ille
605 1805 739 1849 non
797 1784 1097 1852 fortunae
1158 1786 1367 1851 solum
1427 1806 1680 1869 eorum,
1739 1786 1852 1851 sed
1912 1786 2110 1851 etiam
2166 1786 2606 1870 paenitentiae

252 1874 557 1959 misertus
584 1876 771 1939 terna
805 1874 989 1941 milia
1026 1875 1359 1940 denarium
1398 1873 1674 1960 singulis
1715 1873 1857 1939 dari
1892 1874 2110 1940 iussit:
2149 1873 2352 1939 denae
2390 1878 2606 1941 vestes

251 1961 537 2027 adiectae
584 1965 741 2027 sunt
786 1966 853 2027 et
898 1966 1195 2044 armenta
1242 1984 1390 2028 cum
1434 1962 1779 2046 pecoribus
1829 1985 1903 2029 ac
1947 1963 2278 2029 frumento
2319 1963 2487 2048 data,
2525 1967 2600 2029 ut

249 2050 378 2115 coli
422 2050 676 2135 serique
724 2052 1079 2118 attributus
1124 2052 1209 2117 iis
1257 2072 1414 2137 ager
1459 2054 1704 2136 posset.

1266 2243 1427 2314 CAP.
1472 2244 1587 2311 VI.
1642 2233 1660 2245 χ

427 2367 704 2436 Postero
752 2369 853 2436 die
898 2374 1292 2438 convocatos
1343 2370 1536 2438 duces
1585 2370 1919 2457 copiarum
1966 2370 2168 2457 docet,
2207 2370 2460 2438 nullam
2505 2371 2602 2438 in-
2642 2379 2670 2428 1

246 2456 578 2524 festiorem
624 2459 851 2524 urbem
898 2458 1163 2526 Graecis
1221 2481 1363 2526 esse
1429 2483 1627 2546 quam
1682 2461 1931 2546 regiam
1977 2466 2272 2528 veterum
2314 2459 2600 2528 Persidis

1475 2670 1659 2739 infin„
1694 2669 1856 2725 nicht
1892 2688 1962 2724 zu
1990 2671 2302 2739 praestabo,
2342 2701 2410 2712 -
2452 2673 2513 2727 si
2546 2671 2598 2728 h.

1474 2759 1521 2798 ο.
1560 2742 1768 2808 absit,
1815 2757 1976 2796 wenn
2021 2757 2081 2795 er
2129 2741 2249 2795 sich
2295 2741 2600 2814 hinweg·

1475 2811 1690 2867 denkt
1727 2811 1924 2882 (daher
1949 2811 2109 2866 nicht
2145 2812 2393 2881 abesset);
2431 2812 2599 2868 fiber-

1474 2884 1648 2938 setze:
1689 2882 2076 2952 abgesehen
2110 2897 2241 2938 von
2277 2885 2382 2938 etc.

319 2672 403 2722 19.
442 2683 481 2721 a
514 2667 675 2724 barb
690 2669 835 2724 aris
904 2668 1029 2725 hier
1062 2670 1218 2726 wohl
1252 2664 1367 2726 ὑπὸ

244 2739 357 2792 τῶν
398 2734 714 2821 βᾳρβαὶρων.
751 2711 969 2795 Unltlar
1002 2740 1097 2810 ist,
1134 2740 1207 2796 ob
1243 2757 1369 2826 emp

244 2808 394 2934 {³13⁶
394 2809 1368 2953 ᾞοὲἓὲἶεὲἶᾌᾱξῗᾞῖἓὲηῗΐέ

240 2951 343 3018 ist3
390 2950 481 3006 die
518 2953 725 3007 erstere
759 2950 1026 3022 Deutung
1073 2953 1367 3023 cmpfiehlt

244 3020 345 3075 der
382 3019 893 3094 Zusammenhang,
930 3025 1080 3079 dann
1115 3023 1194 3079 ist
1228 3024 1368 3079 aber

242 3091 575 3148 Graecorum
608 3094 755 3150 nach
791 3100 1064 3164 aspectuum
1090 3095 1263 3151 kaum
1296 3114 1364 3150 zu

242 3162 563 3218 entbehren.

310 3238 397 3289 20.
430 3235 515 3289 ad
531 3240 838 3306 penato-8,
869 3236 969 3292 das
992 3237 1121 3291 dem
1144 3236 1365 3292 Herzen

240 3302 734 3365 Nachststehende
794 3306 873 3362 ist
936 3307 1359 3377 vorangestellt.

241 3405 309 3416 —
346 3377 811 3445 contubernii,
850 3377 1366 3449 geringsehatziger

239 3447 553 3517 Ausdruck,
578 3449 753 3503 etwa=
784 3448 1364 3505 ‘Sklavenehe'.—

238 3519 668 3588 adgnoscere,
706 3518 792 3574 als
827 3519 1102 3590 legitime,
1129 3519 1359 3577 berech-

236 3587 383 3656 tigte
426 3589 655 3645 Kinder.
730 3589 919 3661 Vcrgl.
959 3595 990 3657 ἓ
1039 3596 1106 3646 14
1151 3593 1360 3664 adyno·

458 3664 619 3716 atres.
672 3691 742 3702 --
784 3663 1249 3732 relinquerent
1282 3679 1355 3719 sc.

237 3746 337 3785 eos.
452 3731 577 3787 inne
634 3731 716 3786 sie
767 3733 1032 3788 mochten
1080 3733 1203 3790 sich
1250 3751 1360 3788 nur

234 3800 435 3856 immet
468 3803 711 3858 trennen
737 3819 851 3858 von
878 3804 1075 3874 denen,
1103 3804 1358 3861 walchen

234 3873 341 3927 etc.
378 3903 451 3913 —
487 3877 582 3929 eat
627 3874 758 3928 hart
790 3875 882 3930 ffir
916 3881 1061 3932 esset.
1135 3875 1265 3947 Vgl.
1304 3880 1356 3932 8.

239 3947 302 3996 11
340 3961 395 3998 u.
435 3962 477 4000 s.
516 3942 581 3998 E.
624 3951 743 4002 111.

304 4019 391 4071 21.
421 4015 655 4084 potior
698 4015 791 4071 fflr
828 4018 1131 4087 potentior,
1178 4018 1359 4074 mehr-

234 4082 366 4139 fach
401 4085 497 4141 bei
535 4085 613 4155 0.,
650 4087 757 4142 wie
796 4088 943 4143 auch
976 4087 1070 4144 bei
1107 4087 1315 4145 Livius,

306 4160 393 4209 22.
431 4157 629 4211 milia
663 4157 701 4212 f.
740 4160 903 4229 mille,
940 4158 1049 4214 wie
1088 4159 1260 4216 bitere
1296 4160 1358 4214 in

233 4223 603 4306 Verbindung
620 4228 729 4284 mit
743 4228 1170 4287 Distributiven.
1208 4231 1358 4286 Zwei

232 4293 609 4353 Distributive
664 4301 863 4356 stehen
917 4307 947 4368 ξ
984 4307 1055 4357 24
1104 4321 1155 4357 u.
1196 4307 1246 4358 ὅ.
1285 4331 1355 4343 -·

232 4379 375 4420 cum
420 4369 771 4427 redieritis
817 4373 1019 4442 gehbrt
1066 4391 1173 4428 nur
1226 4391 1354 4428 zum

342 4463 529 4520 vonna,
556 4467 608 4518 Q.
637 4468 836 4512 Curtius.
863 4471 900 4511 Ι.

1546 2959 1633 3008 24.
1675 2953 2172 3024 paenitentiae,
2223 2951 2598 3008 ‘verschamb

1472 3025 1635 3080 heit’.
1659 3029 1940 3079 -terna
1974 3024 2196 3092 milia,
2235 3039 2418 3094 gegen
2456 3029 2597 3080 2400

1471 3095 1653 3151 Mark.
1726 3095 1895 3151 Diese
1999 3110 2134 3150 anae
2191 3095 2434 3166 Episode
2495 3095 2599 3151 hat

1473 3183 1580 3221 nur
1616 3166 1674 3223 0.
1713 3181 1776 3222 so
1815 3113 2188 3232 ausfffhrlicm
2235 3164 2351 3221 viel
2397 3167 2598 3223 kfirzer

1472 3237 1734 3293 erzahlen
1770 3236 1936 3293 Diod.
1955 3255 2008 3294 ιι.
2027 3236 2170 3292 Just.
2202 3237 2314 3292 den
2350 3236 2593 3307 Vorfall3

1471 3311 1596 3366 Arr.
1635 3307 1910 3379 schweigt
1946 3325 2088 3379 ganz
2127 3308 2384 3364 dai-tiber.

1900 3431 2036 3487 ΚΜ».
2069 3431 2164 3488 VI.

1468 3599 1500 3648 3
1542 3520 2591 3663 11'1‘29‘0‘32322153355333’0433

1466 3669 1517 3721 5.
1558 3669 1617 3733 5,
1657 3668 1706 3718 5.
1745 3670 1779 3719 8
1825 3663 1920 3718 bei
1963 3665 2119 3733 urbs)
2167 3663 2588 3735 Persepolis,

1467 3735 1558 3790 die
1587 3735 1790 3790 alteste
1809 3735 1925 3789 und
1955 3733 2296 3805 cigentliehe
2315 3736 2586 3791 Residenz

1466 3805 1568 3860 der
1613 3804 1912 3861 Grol'skoni
1952 3822 2010 3875 e,
2063 3805 2156 3860 die
2207 3806 2352 3862 auch
2402 3809 2590 3877 spater

1464 3877 1786 3946 Kronungs-
1833 3895 1888 3932 ιι.
1977 3876 2411 3948 egrabnisstatte
2465 3877 2587 3934 der-

1466 3947 1662 4004 selben
1696 3947 1880 4017 blieb,
1919 3948 2002 4003 als
2047 3949 2146 4004 der
2180 3947 2300 4002 Hof
2327 3947 2493 4004 meist
2527 3949 2586 4002 in

1464 4019 1759 4074 Ecbatana
1771 4038 1825 4074 u.
1839 4019 1982 4074 Susa
1994 4017 2198 4074 weilte.
2229 4017 2332 4073 Die
2345 4018 2585 4089 Konigs-

1506 4089 1688 4145 alaste
1722 4106 1835 4146 von
1869 4089 2203 4162 Persepolis,
2231 4106 2298 4142 zu
2333 4089 2586 4145 welchen

1518 4160 1666 4217 arius
1703 4160 1746 4217 Ι.
1784 4162 1894 4217 den
1929 4160 2122 4218 Grund
2166 4160 2363 4230 gelegt
2405 4158 2581 4231 hatte,

1462 4231 1632 4302 lagen
1679 4231 1782 4288 auf
1819 4233 1974 4287 einer
2013 4231 2274 4288 Terraene
2318 4230 2586 4287 inmitten

1462 4301 1562 4356 des
1615 4302 2234 4374 Raohmed·Gebirges.
2311 4301 2584 4359 Ostwarts

1460 4389 1576 4428 von
1627 4374 1736 4430 den
1779 4375 2044 4431 Palasten
2089 4375 2205 4429 und
2249 4374 2371 4431 400¹
2409 4374 2586 4432 hohor

2091 4469 2156 4518 13
2265 4505 2274 4512 .
