3069 4749
757 152 1271 209 HISTORIARUM
1305 153 1742 215 ALEXANDRI
1778 153 1952 224 VIIII,
1992 161 2041 210 6.
2083 161 2131 210 7.

2501 157 2627 220 191

276 322 457 382 state
522 339 849 383 securum:
913 316 1075 381 belli
1138 314 1502 400 Martisque
1568 315 1917 382 discrimen
1979 317 2320 401 inpavidus
2387 317 2636 385 subibO.

274 405 622 490 Philippus
668 407 739 470 in
784 405 921 470 acie
966 406 1173 470 tutior
1220 426 1417 489 quam
1462 405 1533 468 in
1577 404 1838 469 theatro
1874 405 2029 470 fuit:
2075 406 2364 472 hostium
2403 428 2633 472 manus
2672 419 2746 470 25

276 517 475 579 saepe
529 495 794 578 vitavit,
850 516 1115 558 suorum
1170 493 1453 576 effugere
1507 515 1642 557 non
1697 493 1924 560 valuit.
2024 494 2325 561 Aliorum
2379 517 2634 580 quoque

271 605 507 668 regum
562 583 773 648 exitus
832 583 891 647 si
944 583 1401 666 reputaveritis
1410 631 1429 666 ,
1494 582 1716 665 plures
1773 604 1813 647 a
1869 584 2003 646 suis
2061 605 2257 667 quam
2313 585 2396 649 ab
2442 583 2634 650 hoste

272 672 704 756 interemptos
742 671 1191 736 numerabitis.
1272 667 1596 752 Ceterum,
1643 670 1952 754 quoniam
1998 671 2157 736 olim
2202 673 2298 736 rei
2345 673 2634 758 agitatae
2673 685 2745 734 26

274 762 347 824 in
394 761 615 826 animo
658 782 807 825 meo
852 781 1022 824 nunc
1065 759 1463 844 promendae
1509 758 1767 824 occasio
1805 759 2032 825 oblata
2068 764 2187 844 est,
2233 761 2398 825 mihi
2434 763 2635 827 maxi·

274 871 423 914 mus
469 850 769 914 laborum
816 851 1011 932 atque
1058 869 1329 931 operum
1372 868 1670 912 meorum
1715 847 1842 912 erit
1883 847 2156 932 fructus,
2201 849 2260 914 si
2298 849 2635 934 Olympias

276 941 494 1002 mater
556 936 1039 1002 immortalitati
1106 941 1548 1021 consecretur,
1622 936 2005 1020 quandoque
2071 939 2418 1003 excesserit
2478 938 2635 1004 vita.

273 1023 346 1089 Si
390 1025 678 1109 licuerit,
731 1025 874 1108 ipse
926 1024 1276 1108 praestabo
1322 1025 1476 1090 hoc:
1522 1025 1582 1089 si
1631 1047 1736 1088 me
1786 1026 2196 1110 praeceperit
2243 1026 2472 1110 fatum,
2518 1048 2636 1091 vos

272 1113 623 1180 mandasse
674 1134 773 1178 me
826 1111 1260 1178 mementote?

1360 1113 1461 1177 Ac
1524 1119 1666 1178 tum
1733 1113 1992 1198 quidem
2058 1114 2301 1180 amicos
2357 1115 2635 1180 dimisit:
2723 1101 2782 1189 L.

274 1207 565 1268 ceterum
608 1224 726 1288 per
772 1203 1113 1286 conplures
1161 1201 1297 1266 dies
1344 1202 1441 1266 ibi
1488 1202 1734 1266 stativa
1779 1202 2030 1267 habuit.
2093 1211 2107 1267 ἒ

2703 1183 2724 1228 f

2048 1282 2110 1304 Λ

1278 1429 1437 1496 CAP.
1483 1429 1633 1496 VII.

160 1556 249 1619 27
455 1555 639 1621 Haec
702 1556 854 1620 dum
909 1557 982 1621 in
1035 1555 1223 1621 India
1286 1559 1629 1641 geruntur,
1693 1554 1923 1621 Graeci
1985 1555 2232 1620 milites
2296 1577 2502 1639 nuper
2565 1556 2636 1620 in
2675 1572 2706 1618 1

278 1645 570 1709 colonias
620 1667 660 1709 a
704 1665 858 1730 rege
906 1645 1170 1711 deducti
1215 1644 1387 1710 circa
1421 1643 1664 1709 Bactra
1709 1648 1857 1710 orta
1891 1645 2063 1710 inter
2099 1643 2278 1728 ipsos
2319 1644 2636 1711 seditione

278 1732 674 1817 defecerant,
727 1754 859 1799 non
912 1737 1050 1797 tam
1094 1732 1465 1799 Alexandro
1523 1732 1790 1817 infensi,
1846 1755 2042 1817 quam
2089 1736 2268 1797 metu
2314 1733 2635 1818 supplicii.

280 1819 535 1906 Quippe
601 1821 831 1887 occisis
898 1822 1288 1906 quibusdam
1342 1822 1785 1906 popularium,
1855 1822 1968 1906 qui
2021 1822 2369 1886 validiores
2431 1825 2637 1904 erant,
2675 1835 2708 1884 2

280 1931 465 1974 arma
520 1914 811 1994 spectare
868 1914 1219 1994 coeperunt
1265 1914 1331 1975 et
1374 1909 1730 1975 Bactriana
1777 1931 1951 1994 arce,
2004 1931 2168 1995 quae
2215 1931 2369 1976 casu
2413 1912 2635 1995 negle-

279 1998 545 2081 gentius
582 1999 925 2064 adservata
952 2003 1111 2083 erat,
1148 2002 1465 2082 occupata
1498 1998 1814 2064 barbaros
1853 2020 2106 2082 quoque
2143 1999 2216 2063 in
2253 1999 2637 2064 societatem

280 2087 663 2153 defectionis
712 2087 1098 2172 inpulerant.

1188 2087 1648 2160 Athenodorus
1697 2091 1838 2152 erat
1883 2087 2184 2171 princeps
2230 2109 2481 2172 eorum,
2526 2089 2637 2173 qui
2674 2100 2706 2149 3

277 2175 456 2260 regis
513 2198 769 2261 quoque
824 2198 1061 2241 nomen
1117 2175 1596 2260 adsumpserat,
1649 2198 1783 2241 non
1834 2178 1972 2240 tam
2028 2176 2290 2260 imperii
2337 2176 2636 2260 cupidine

278 2287 475 2348 quam
532 2265 601 2328 in
652 2265 939 2348 patriam
990 2264 1359 2331 revertendi
1406 2286 1553 2329 cum
1597 2264 1708 2348 iis,
1763 2264 1872 2349 qui
1920 2265 2378 2330 auctoritatem
2423 2265 2628 2349 ipsius

277 2474 383 2529 Die
418 2488 550 2529 vom
586 2473 902 2529 Pronomen
938 2474 1239 2530 attrahit-te
1266 2474 1403 2531 Par·

278 2544 423 2598 tikel
467 2545 671 2613 gehort
714 2564 841 2600 zum
885 2562 1103 2616 ganzen
1148 2546 1305 2615 Sata,
1358 2564 1401 2601 e.

352 2690 439 2741 25.
494 2685 568 2739 in
618 2686 895 2743 theatra
966 2686 1045 2741 Er
1087 2688 1280 2742 wurde
1324 2687 1405 2742 im

283 2755 527 2811 Theater
562 2756 859 2812 emordet.
922 2756 1107 2812 Ueber
1142 2759 1322 2813 valere
1356 2775 1403 2812 c.

280 2824 482 2881 infinit.
520 2844 563 2881 s.
602 2826 747 2881 Einl.
788 2832 818 2891 ξ
854 2834 940 2883 34.

351 2904 438 2952 26.
495 2898 927 2967 promendae,
979 2899 1188 2955 tibersa
1252 2916 1402 2954 aus-

283 2967 550 3037 ffihren‚
588 2968 817 3038 cigentl.
846 2985 963 3024 ans
993 2969 1405 3040 Tageslicht

283 3039 588 3109 bringen.
638 3069 707 3079 --
752 3041 1097 3095 maximas.
1179 3040 1401 3096 Ebenso

274 3110 613 3179 praecum
646 3110 865 3176 fructas
900 3119 951 3165 6.
990 3118 1039 3166 9.
1076 3118 1127 3165 2.
1167 3141 1235 3152 -
1282 3114 1402 3166 im·

280 3182 698 3237 mortalitati
734 3187 1159 3238 consecretur
1187 3183 1294 3237 wie
1315 3189 1401 3237 10.

282 3258 330 3306 5.
368 3257 465 3318 303
502 3253 614 3323 vgl.
654 3252 747 3307 die
785 3254 1125 3309 classischen
1153 3254 1403 3309 Phrasen

281 3324 687 3380 immortalitati
712 3325 950 3393 aliquem
980 3325 1212 3391 tradere,
1248 3342 1402 3379 man-

283 3395 438 3459 dare,
483 3395 868 3449 commendare.
950 3396 1064 3450 Der
1107 3395 1404 3450 Ausdruck

284 3480 593 3520 consecrare
653 3466 855 3535 besagt
908 3466 1093 3535 mehr,
1154 3467 1403 3521 nmlich

286 3534 374 3587 die
409 3533 695 3591 feierliche
731 3536 1055 3605 Apotheose
1092 3536 1247 3590 einer
1272 3538 1403 3591 Per-

286 3619 400 3657 son.
474 3604 527 3661 S.
568 3612 617 3659 8.
653 3611 701 3662 5.
734 3613 798 3662 1⁷
837 3612 1152 3663 consecrata
1184 3608 1402 3663 immor-

284 3676 489 3731 talitas.
554 3677 712 3731 Alex.
745 3679 1016 3744 wtinscht‚
1054 3677 1183 3732 dass
1212 3678 1402 3746 Olym-

284 3744 407 3815 pias
434 3746 518 3799 als
535 3744 746 3802 Mutter
765 3748 917 3804 eines
934 3750 1132 3803 Gottes
1148 3748 1403 3803 feierlich

285 3816 637 3885 apotheosirt
655 3820 854 3874 werde.
890 3820 1037 3875 Dass
1056 3820 1157 3892 der
1167 3819 1402 3875 Schrift—

284 3887 476 3943 steller
512 3887 613 3943 ihn
650 3889 769 3943 dies
795 3890 888 3945 bei
915 3891 1099 3945 dieser
1128 3890 1401 3960 Gelegen-

282 3958 401 4014 heit
464 3974 526 4012 so
583 3961 972 4017 unverhohlen
1024 3963 1402 4031 aussprechen

281 4030 445 4099 latest,
498 4046 619 4085 war
672 4032 825 4085 wohl
872 4032 1007 4087 kein
1050 4032 1402 4101 glfloklicher

283 4099 435 4156 Griff.
486 4130 555 4141 —-
600 4104 996 4172 quandoque
1028 4104 1123 4156 fur
1156 4104 1402 4173 quando-

284 4188 511 4241 cvmque,
550 4190 595 4227 s.
631 4172 779 4228 Einl.
818 4179 849 4239 ἕ
889 4180 972 4230 13.
1011 4174 1064 4227 b.
1103 4202 1172 4214 —-
1199 4190 1402 4243 prae-

286 4244 533 4311 ceperit
582 4242 619 4299 i.
668 4262 715 4299 e.
763 4246 1112 4313 ocewpaverit
1154 4244 1261 4300 wie
1298 4245 1400 4300 Ov.

284 4312 425 4367 trist.
464 4319 517 4369 3.
546 4319 595 4367 3.
625 4320 695 4370 34
737 4317 821 4371 vel
857 4316 1220 4385 praecepisset
1258 4330 1404 4371 mors

1502 2480 1808 2545 properata
1833 2476 2043 2546 fuyam.
2085 2476 2366 2532 Aehnlich
2393 2476 2639 2546 gedacht

1512 2545 1639 2601 sind
1674 2545 1926 2602 Phrasen
1960 2547 2068 2601 wie
2105 2549 2422 2617 praecipere
2467 2564 2639 2615 omen,

1510 2619 1829 2685 victoriam,
1863 2632 2012 2688 spem
2045 2619 2293 2687 (animo).

1934 2740 2062 2799 On».
2100 2742 2224 2798 VII.

1589 2835 1637 2883 1.
1703 2830 1889 2884 eirca
1941 2829 2229 2896 Baetra,
2294 2830 2514 2885 Beisatz
2568 2850 2636 2885 zu

1510 2901 1769 2957 coloniae.
1865 2900 2076 2954 Diodor
2139 2900 2353 2969 spricht
2414 2916 2526 2954 von
2581 2898 2642 2955 οῖ

1508 2966 1658 3025 κατὰ
1708 2966 1813 3040 τὴν
1848 2968 2216 3039 Βακτριανὴν
2254 2971 2351 3024 καὶ
2388 2974 2637 3039 Σογδια-

1510 3037 1619 3111 νὴν
1657 3038 2116 3103 κατοικισθέντες
2137 3036 2430 3109 ‘'Eum-2²93
2481 3043 2635 3097 Curt.

1509 3111 1844 3167 bezeichnet
1891 3113 2038 3167 nach
2084 3112 2138 3167 d.
2178 3114 2341 3167 Anm.
2389 3131 2458 3167 zu
2495 3118 2544 3167 ⁷1.
2584 3119 2637 3169 8.

1510 3189 1576 3236 21
1635 3183 1743 3238 mit
1799 3183 1910 3238 den
1961 3183 2200 3238 Worten
2251 3183 2472 3240 Baetra
2522 3183 2639 3238 und

1508 3254 1827 3309 Bactriana
1879 3254 2039 3309 nicht
2087 3255 2270 3310 selten
2315 3256 2416 3309 das
2462 3272 2637 3324 ganzo

1509 3324 1670 3379 Land
1701 3325 1978 3380 zwischen
2004 3324 2133 3380 dem
2161 3326 2553 3395 Parapamisus
2581 3344 2634 3381 u.

1510 3396 1785 3451 Jaxartes.
1860 3396 1974 3450 Der
2018 3396 2208 3451 Abfall
2253 3396 2437 3451 dieser
2475 3397 2636 3451 Colo·

1508 3466 1694 3521 nisten
1747 3469 1812 3535 (ει.
1863 3473 1911 3521 7.
1951 3474 2001 3522 e.
2040 3472 2136 3534 253
2194 3474 2240 3523 τ.
2283 3473 2364 3523 10.
2407 3470 2496 3537 15)
2555 3482 2636 3521 er-

1510 3537 1692 3607 folgte
1719 3539 1865 3593 nach
1895 3538 2108 3594 Diodor
2135 3538 2236 3593 auf
2259 3538 2360 3593 das
2390 3538 2639 3592 Gerficht

1509 3625 1642 3663 vom
1679 3608 1835 3664 Tode
1872 3608 2218 3664 Alexanders
2254 3609 2368 3664 hin.
2409 3640 2476 3649 —
2513 3626 2636 3677 po-

1501 3680 1888 3748 pularium,
1941 3681 2096 3734 wohl
2152 3680 2371 3734 ‘ihrer
2425 3679 2636 3735 Lands-
2743 3683 2748 3687 '

1509 3750 1705 3805 leute'.
1791 3748 1851 3805 Ο.
1906 3751 2086 3805 meint
2132 3750 2433 3819 jedenfalls
2488 3750 2636 3806 doch

1509 3820 1603 3875 die
1641 3821 1748 3875 den
1784 3820 2181 3876 Macedoniern
2215 3821 2635 3890 treugesinnten

1509 3890 2040 3960 Befehlshaber‚
2069 3892 2246 3946 daher
2269 3891 2348 3947 ist
2374 3891 2475 3946 der
2491 3892 2634 3945 Aus-

1511 3962 1690 4017 druck
1717 3964 1815 4031 qai
1839 3964 2136 4018 validiores
2161 3970 2321 4018 erant
2356 3962 2635 4017 befremd-

1508 4032 1651 4101 lich,
1696 4050 1832 4089 man
1877 4035 2143 4087 erwartet
2185 4034 2279 4088 ein
2318 4032 2485 4087 Wort
2529 4033 2635 4087 wie

1509 4105 1793 4171 fideliores.
1859 4104 1894 4158 J
1899 4104 2174 4159 edenfalls
2207 4120 2326 4159 war
2362 4104 2463 4159 das
2495 4106 2635 4158 vali—

1510 4176 1692 4231 diores
1727 4191 1835 4231 esse
1871 4192 1951 4229 an
1987 4174 2137 4229 sich
2174 4174 2307 4230 kein
2339 4175 2531 4230 Grund
2567 4194 2636 4229 zu

1508 4246 1661 4301 ihrer
1697 4245 2078 4315 Beeeitigung.

1585 4322 1635 4373 2.
1691 4334 1880 4372 arma
1923 4321 2244 4385 spectare.
2329 4316 2381 4371 S.
2421 4323 2470 4371 5.
2514 4324 2558 4373 1.
2597 4323 2634 4370 4
