3069 4749
468 121 597 186 154
1384 122 1449 189 Q.
1486 121 1712 177 CURTI
1747 121 1922 176 RUFI

463 283 732 368 tudinis,
776 288 1001 353 tauros
1040 284 1123 349 ad
1158 302 1239 350 111
1274 285 1477 367 milia,
1520 283 1882 370 pretiosum
1921 285 1990 349 in
2027 305 2103 348 ea
2123 285 2406 367 'regione
2445 288 2816 367 acceptum-

361 385 425 434 12
465 394 587 459 que
617 374 847 438 animis
885 374 1296 459 regnantium
1326 377 1708 438 armentum.
1783 372 2135 448 Quaerenti
2161 372 2557 457 Alexandm,
2590 373 2819 457 plures

464 462 885 545 agricultores
942 462 1214 528 haberet
1268 485 1352 528 an
1408 462 1682 545 milites,
1735 483 1881 526 cum
1929 461 2180 526 duobus
2226 462 2488 547 regibus
2536 462 2816 527 bellanti

461 550 592 616 sibi
636 551 883 618 maiore
929 551 1212 616 militum
1260 574 1455 636 quam
1502 551 1857 636 agrestium
1904 571 2102 615 manu
2149 572 2311 634 opus
2359 571 2500 616 esse
2546 572 2818 636 respon·

361 652 425 700 13
464 639 578 704 dit.
649 639 961 705 Abisares
998 644 1065 705 et
1097 639 1305 706 Porus
1344 642 1561 725 erant,
1607 639 1718 704 sed
1753 639 1823 704 in
1858 638 2030 706 Poro
2069 639 2397 705 eminebat
2433 641 2820 704 auctoritas,

460 726 749 812 Uterque
804 730 979 794 ultra
1033 727 1392 812 Hydaspen
1446 750 1703 794 amnem
1758 729 2078 812 regnabat
2131 732 2199 792 et
2247 728 2406 793 belli
2459 729 2818 815 fortunam,

301 813 307 818 '
359 829 427 876 14
462 817 757 903 quisquis
786 840 970 883 arma
996 816 1288 903 inferret,
1316 817 1595 901 experiri
1623 817 2011 882 decreverat.
2084 815 2358 900 Omphis
2385 817 2820 900 permittente

460 904 833 971 Alexandro
880 908 946 970 et
990 905 1245 991 regium
1287 906 1547 991 insigne
1594 905 1876 989 sumpsit
1921 909 1988 970 et
2029 927 2212 970 more
2248 907 2462 989 gentis
2500 928 2653 970 suae
2689 927 2816 972 no-

462 1015 630 1080 men,
660 995 832 1079 quod
857 994 1067 1080 patris
1103 994 1341 1060 fuerat:
1379 994 1649 1060 Taxilen
1677 995 2085 1078 appellavere
2121 995 2466 1079 populares
2502 999 2817 1079 sequente

361 1093 426 1142 15
464 1084 727 1148 nomine
784 1085 1153 1169 imperium,
1198 1085 1267 1148 in
1315 1104 1780 1168 quemcumque
1825 1083 2152 1148 transiret.
2241 1082 2454 1166 Igitur
2501 1105 2645 1148 cum
2689 1105 2822 1167 per

445 1171 750 1236 ‘triduum
813 1173 1227 1256 hospitaliter
1291 1172 1734 1237 Alexandrum
1798 1172 2188 1257 accepisset,
2251 1179 2484 1257 quarto
2557 1172 2658 1236 die
2723 1177 2821 1257 et,

463 1265 779 1345 quantum
814 1261 1124 1327 frumenti
1161 1262 1385 1346 copiis,
1432 1283 1594 1346 quas
1631 1259 2081 1344 Hephaestion
2117 1261 2402 1340 duxerat,
2443 1261 2818 1345 praebitum

462 1371 501 1412 a
546 1371 615 1414 se
662 1353 849 1435 esset,
895 1350 1182 1416 ostendit
1228 1355 1293 1416 et
1340 1371 1570 1415 aureas
1617 1371 1890 1415 coronas
1932 1349 2063 1433 ipsi
2101 1349 2451 1434 amicisque
2489 1351 2818 1433 omnibuS,

358 1448 422 1496 16
462 1441 722 1520 praeter
774 1438 936 1504 haec
991 1439 1235 1526 signati
1292 1439 1545 1523 argenti
1597 1456 1795 1502 Lxxx
1849 1439 2104 1504 talenta
2158 1439 2329 1503 dono
2385 1438 2576 1504 dedit.
2665 1437 2820 1514 Qua

459 1525 863 1612 benignitate
910 1527 1047 1593 eius
1093 1527 1463 1592 Alexander
1507 1527 1670 1592 mire
1708 1528 1916 1592 laetus
1955 1530 2038 1610 et,
2084 1549 2250 1612 quae
2287 1527 2344 1592 is
2384 1527 2662 1606 dederat,
2707 1549 2820 1592 re-

460 1615 639 1681 misit
687 1619 752 1680 et
796 1617 974 1680 mille
1011 1617 1265 1682 talenta
1304 1638 1384 1681 ex
1418 1615 1677 1700 praeda,
1724 1638 1917 1701 quam
1955 1615 2249 1699 vehebat,
2297 1616 2536 1680 adiecit
2570 1617 2818 1681 multa-

459 1724 583 1786 que
637 1705 1001 1770 convivalia
1059 1727 1137 1770 ex
1192 1727 1349 1770 auro
1407 1708 1473 1770 et
1528 1709 1802 1790 argento
1854 1726 2044 1789 vasa,
2106 1705 2457 1788 plurimum
2511 1705 2820 1770 Persicae

458 1792 690 1878 vestis,
752 1811 902 1858 xxx
958 1815 1158 1878 equos
1215 1816 1292 1859 ex
1352 1793 1485 1858 suis
1543 1815 1687 1859 cum
1752 1793 1981 1858 iisdem
2041 1793 2432 1876 insignibus,
2497 1794 2642 1878 quis
2701 1795 2820 1858 ad-

355 1890 421 1940 17
460 1887 821 1965 sueverant,
868 1904 1014 1948 cum
1059 1884 1274 1967 ipsum
1319 1882 1648 1948 veherent.
1730 1881 1908 1958 Quae
1954 1882 2319 1948 liberalitas
2367 1883 2534 1948 sicut
2577 1882 2815 1948 barba-

336 1993 339 2003 ·
458 1991 602 2034 rum
658 1971 1125 2057 obstrinxerat,
1187 1972 1285 2037 ita
1348 1972 1590 2036 amicos
1647 1971 1854 2055 ipsius
1910 1970 2326 2036 vehementer
2377 1971 2660 2036 offendit.
2749 1970 2814 2036 E

460 2058 693 2142 quibus
739 2059 1071 2144 Meleager
1124 2083 1321 2145 super
1376 2082 1602 2125 cenam
1645 2059 1931 2144 largiore
1975 2059 2127 2124 vino
2174 2081 2328 2124 usus
2375 2060 2693 2145 gratulari
2741 2082 2813 2125 se

457 2147 823 2214 Alexandro
858 2149 1061 2232 dixit,
1108 2149 1279 2234 quod
1326 2149 1560 2214 saltem
1605 2151 1676 2214 in
1719 2147 1908 2214 India
1952 2149 2352 2232 repperisset
2397 2149 2668 2234 dignum
2715 2153 2814 2214 ta-

357 2245 421 2294 18
458 2235 652 2300 lentis
708 2238 911 2302 mille.
1020 2237 1163 2302 Rex
1216 2237 1389 2303 haud
1444 2237 1718 2322 oblitus,
1783 2259 1975 2321 quam
2031 2258 2223 2323 aegre
2278 2237 2574 2322 tulisset,
2633 2239 2808 2322 quod

460 2321 705 2391 Clitum
768 2327 851 2392 ob
916 2326 1179 2411 linguae
1243 2327 1680 2392 temeritatem
1745 2325 2117 2412 occidisset,
2179 2327 2344 2391 iram
2400 2326 2658 2412 quidem
2709 2330 2811 2393 te-

458 2414 603 2478 nuit
650 2415 761 2479 sed
809 2415 1000 2499 dixit,
1044 2416 1297 2480 invidos
1341 2415 1642 2480 homines
1677 2414 1844 2479 nihil
1891 2415 2067 2481 aliud
2106 2438 2299 2501 quam
2336 2415 2626 2501 ipsorum
2665 2438 2810 2481 esse

348 2526 383 2559 2--
457 2506 838 2609 tormenta-..j

1437 2625 1596 2693 cn».
1642 2627 1822 2693 XIII.

394 2761 421 2807 1
637 2750 910 2818 Postero
958 2752 1060 2817 die
1104 2752 1309 2837 legati
1344 2752 1667 2819 Abisarae
1715 2753 1928 2819 adiere
1973 2774 2211 2839 regem.
2292 2752 2527 2818 Omnia
2571 2752 2809 2817 dicioni
2828 2760 2925 2823 44

462 2838 626 2925 eiust,
670 2839 767 2905 ita
811 2844 886 2905 ut
930 2841 1313 2907 mandatum
1360 2846 1527 2927 erat,
1573 2842 2043 2927 permittebant
2097 2842 2485 2926 firmataque
2523 2842 2806 2939 ¹invicem

463 3018 659 3069 15.---
710 3020 1051 3084 acceptum
1104 3015 1351 3071 animis
1403 3033 1581 3086 reon.

458 3084 571 3139 Der
616 3085 914 3140 Ausdruck
965 3087 1068 3141 hat
1120 3086 1246 3141 eine
1289 3087 1581 3157 poetische

457 3154 745 3226 Farbung3
791 3157 966 3229 vergl.
1005 3156 1286 3227 σκῆπτρον
1320 3156 1581 3228 θυμαρὲς

462 3222 676 3280 ἔδωκεν
720 3226 883 3283 Hom.
934 3226 1035 3284 Od.
1087 3234 1169 3284 17.
1208 3234 1324 3285 199.
1364 3260 1433 3269 -
1470 3245 1580 3283 ar-

1688 3016 2038 3071 Herrschers.
2103 3016 2232 3087 Vgl.
2271 3016 2380 3071 den
2407 3022 2546 3071 rom.
2575 3015 2808 3071 Rechts-

1689 3086 1992 3156 grundsatz
2027 3088 2182 3155 filius
2215 3092 2440 3142 matrem
2465 3088 2710 3157 aequitum
2739 3112 2807 3133 =

1687 3157 1858 3212 theilt
1891 3156 2038 3213 Loos
2074 3158 2191 3211 und
2216 3158 2430 3213 Rechte
2458 3158 2557 3213 der
2581 3156 2805 3213 Mutter.

1761 3234 1844 3284 16.
1887 3229 2052 3283 mire
2087 3230 2333 3296 laetus,
2369 3228 2476 3284 wie
2512 3230 2648 3284 mire
2681 3246 2806 3297 yra-

456 3301 764 3362 mentum,
800 3298 1073 3354 collektiv
1108 3300 1215 3355 wie
1251 3299 1424 3355 ofters
1452 3300 1579 3355 ani—

456 3368 597 3433 mal,
632 3385 674 3421 s.
713 3368 859 3424 Einl.
896 3374 927 3434 ὅ
964 3374 999 3422 4
1026 3387 1075 3424 a.

440 3476 447 3483 -
532 3444 615 3492 13.
645 3444 867 3494 erant.-
896 3439 1157 3509 Subjekt=
1181 3442 1291 3496 duo
1309 3441 1399 3495 celi
1415 3456 1578 3523 reyes.

456 3508 508 3562 A
520 3510 556 3563 b
566 3508 586 3562 i
598 3526 623 3563 s
634 3526 669 3564 a
677 3527 707 3562 r
716 3525 745 3564 e
758 3526 785 3563 s
804 3510 881 3563 ist
892 3510 1043 3564 wohl
1060 3510 1335 3566 erblicher
1342 3511 1581 3583 Komgs·

454 3595 619 3633 name
664 3580 772 3635 wie
820 3580 1043 3635 Taxiles
1088 3583 1143 3649 (ξ
1183 3584 1272 3651 14)
1319 3600 1373 3637 u.
1414 3584 1578 3637 Assa-

457 3668 626 3706 canus
666 3653 773 3721 (10.
804 3654 895 3721 22)
932 3651 1049 3705 und
1082 3652 1375 3708 bedentet:
1412 3652 1579 3709 Herr-

454 3722 617 3777 scher
634 3721 732 3778 der
747 3721 1094 3779 Landschaft
1109 3724 1160 3778 A
1172 3723 1291 3779 bhi
1302 3740 1327 3777 s
1340 3740 1456 3778 ara
1466 3765 1483 3790 ,
1516 3724 1578 3780 in

454 3792 555 3848 der
578 3792 811 3865 Gegend
839 3794 937 3849 des
964 3794 1234 3863 heutigen
1259 3794 1571 3850 Kaschmir.

455 3864 671 3919 Porus
699 3865 1062 3920 beherrschte
1090 3864 1253 3919 einen
1280 3864 1446 3921 Theil
1474 3864 1573 3921 des

453 3935 675 3990 Laudes
711 3936 987 3991 zwischen
1021 3937 1401 4006 Hydaspes-11.
1431 3938 1572 3992 Ace—

456 4006 631 4075 sines,
668 4008 817 4062 etwa
852 4008 952 4063 das
982 4007 1193 4077 jetzige
1228 4008 1463 4064 Labore.
1502 4038 1572 4049 -

454 4079 785 4133 eminebat
812 4104 881 4125 ==
908 4081 1147 4133 miooena
1182 4083 1315 4134 erat.
1379 4077 1570 4150 Vergl.

454 4146 547 4203 die
583 4149 744 4203 Anm.
782 4167 851 4204 zu
886 4155 936 4205 9.
974 4154 1059 4204 21.

526 4223 611 4272 14.
648 4224 953 4290 sequente
994 4222 1373 4291 imperium,
1420 4221 1471 4275 d.
1513 4222 1568 4275 h.

453 4288 778 4345 verbunden
802 4308 921 4345 war
946 4289 1054 4346 mit
1071 4292 1171 4347 der
1187 4292 1399 4349 Wfirde
1417 4292 1572 4348 eines

1685 3304 1802 3369 twm
1821 3298 1940 3355 Liv.
1963 3305 2010 3354 1.
2032 3304 2119 3356 45.
2141 3306 2170 3355 ’1
2191 3318 2248 3354 u.
2267 3317 2371 3357 aw.
2412 3298 2606 3356 Cicero
2631 3300 2807 3371 pflegt

1686 3370 1786 3425 das
1822 3370 2168 3426 Adverbium
2213 3387 2326 3427 von
2369 3372 2548 3426 mirus
2583 3390 2652 3425 zu
2685 3389 2804 3425 um-

1689 3441 1982 3497 schreiben
2024 3441 2198 3497 durch
2234 3442 2435 3497 mirum
2470 3444 2536 3497 in
2568 3444 2803 3509 modum,

1686 3512 1834 3567 doch
1877 3513 1980 3567 hat
2024 3513 2170 3568 auch
2215 3528 2278 3567 er
2319 3512 2628 3568 vereinzelt
2669 3514 2805 3568 mire

1682 3583 1867 3649 favere
1883 3600 1936 3638 u.
1955 3585 2092 3638 mire
2107 3600 2287 3653 quam.
2303 3614 2374 3625 -
2395 3584 2547 3653 quis
2569 3585 2804 3639 adsue-

1654 3659 1936 3709 ·verant.
2005 3652 2165 3709 Sinn:
2198 3654 2311 3710 ‘die
2341 3654 2422 3710 sie
2449 3655 2805 3725 gewohnlich

1681 3725 1928 3795 trugen’.
1955 3724 2084 3795 vgl.
2101 3730 2152 3781 5.
2167 3730 2221 3779 4.
2238 3731 2305 3779 14
2323 3728 2448 3796 quis
2465 3727 2802 3781 adsueverat.

1757 3802 1838 3851 17.
1883 3797 2064 3851 sicut
2091 3836 2104 3851 .
2137 3840 2148 3851 .
2179 3837 2192 3850 .
2220 3798 2346 3867 ita,
2382 3798 2722 3864 adversativ,
2759 3814 2802 3853 s.

1681 3866 1827 3921 Einl.
1865 3872 1896 3933 9
1922 3872 1992 3921 42
2020 3867 2073 3923 b.
2149 3868 2231 3923 Zu
2265 3884 2430 3937 super
2465 3884 2654 3924 cenam
2685 3868 2801 3939 vgl.

1681 3944 1732 3993 6.
1773 3944 1857 3993 11.
1901 3944 1999 4001 27ς
2045 3939 2186 3994 iiber
2230 3939 2321 3993 die
2365 3938 2803 4009 Voranstellung

1682 4026 1796 4065 von
1833 4011 2026 4065 saltem
2061 4027 2105 4067 s.
2141 4010 2288 4065 Einl.
2329 4016 2394 4064 51
2425 4010 2480 4067 d.

2080 4134 2205 4189 Car.
2247 4133 2399 4188 XIII.

1753 4228 1800 4276 1.
1865 4222 2112 4291 leyati.
2196 4220 2464 4277 Dasselbe
2523 4190 2800 4277 berichtet

1679 4292 1882 4347 Ari-ian
1919 4294 1989 4361 (5.
2027 4295 2098 4362 8).
