3069 4749
336 865 401 912 21

455 151 583 214 122

449 317 515 378 et
570 314 963 379 camelorum
1020 330 1075 376 ΙΙ
1142 311 1329 376 milia
1382 311 1654 376 adduxit
1705 332 2068 395 pecoraque
2121 314 2190 374 et
2249 316 2569 378 armenta:

1359 149 1423 216 Q.
1464 147 1686 204 OURTI
1721 147 1896 203 RUFI

2637 335 2808 398 quae

445 402 797 466 distributa
868 402 1114 484 pariter
1186 400 1462 464 militem
1530 403 1598 464 et
1667 397 1902 464 damno
1967 402 2035 464 et
2105 399 2277 464 fame
2339 400 2808 468 liberaverunt.

340 513 408 560 20
445 489 611 574 Rex,
659 490 939 573 gratiam
986 489 1112 554 sibi
1157 489 1435 553 relatam
1483 511 1522 552 a
1569 485 1940 554 Sisimithre
1984 488 2350 570 praefatae,
2397 511 2510 554 sex
2555 490 2810 556 dierum

445 583 631 644 cocta
677 578 923 644 cibaria
978 577 1151 642 ferre
1194 577 1437 642 milites
1482 576 1701 661 iussit,
1757 575 1956 641 Sacas
2009 579 2258 660 petens.
2349 576 2587 643 Totam
2635 579 2808 644 hanc

443 669 781 752 regionem
828 666 1261 751 depopulatus
1298 683 1449 730 xxx
1485 665 1672 730 milia
1708 685 2010 748 pecorum
2047 685 2126 730 ex
2163 663 2408 749 praeda
2445 664 2811 732 Sisimithri

441 757 610 821 dono
658 757 789 820 dat.

618 843 775 908 Inde
814 843 1109 926 pervenit
1148 843 1219 907 in
1252 843 1617 927 regionem,
1665 842 1767 906 cui
1807 840 2156 926 Oxyartes,
2204 846 2500 926 satrapes
2537 845 2806 930 nobilis,
2831 843 2919 908 16

441 935 765 1016 praeerat,
811 931 924 1016 qui
961 953 1031 997 se
1067 931 1241 1016 regis
1287 931 1603 1014 potestati
1648 930 1926 1016 fideique
1971 931 2283 1015 permisit.
2355 930 2477 996 Ille
2523 933 2805 1016 imperio

444 1021 504 1086 ei
558 1021 814 1086 reddito
866 1020 1038 1084 haud
1086 1019 1369 1103 amplius
1379 1069 1395 1102 ,
1452 1041 1648 1104 quam
1693 1024 1768 1084 ut
1823 1017 1950 1084 duo
1999 1041 2078 1084 ex
2122 1020 2334 1084 tribus
2379 1021 2532 1085 filiis
2579 1043 2803 1088 seeum

339 1131 405 1177 22
446 1108 830 1192 militarent,
876 1109 1111 1194 exegit.
1204 1105 1511 1192 Satrapes
1561 1109 1762 1173 etiam
1809 1129 1984 1187 eum,
2039 1109 2150 1192 qui
2195 1130 2394 1192 penes
2441 1110 2655 1193 ipsum
2699 1126 2806 1176 re-

447 1196 887 1280 linquebatur,
933 1196 1153 1262 tradit.
1226 1196 1522 1262 Barbara
1569 1197 1909 1280 opulentia
1952 1197 2354 1282 convivium,
2400 1219 2528 1282 quo
2575 1219 2804 1284 regem

340 1307 407 1355 23
448 1285 833 1369 accipiebat,
886 1285 1301 1350 instruxerat.
1387 1285 1464 1350 Id
1518 1305 1664 1350 cum
1725 1283 1935 1350 multa
1991 1287 2297 1350 comitate
2344 1287 2803 1372 celebraretur,

445 1373 769 1440 introduci
822 1393 971 1438 xxx
1025 1373 1277 1439 nobiles
1344 1374 1632 1458 virgines
1692 1374 1902 1439 iussit.
1999 1374 2178 1438 Inter
2241 1395 2415 1458 quas
2461 1379 2602 1441 erat
2658 1376 2806 1442 filia

438 1462 672 1548 ipsine,
708 1463 977 1528 Roxane
1021 1463 1308 1546 nomine,
1356 1462 1594 1526 eximia
1639 1462 1930 1546 eorporis
1977 1463 2189 1545 specie
2227 1467 2293 1526 et
2338 1463 2566 1528 decore
2609 1463 2806 1530 habi-

332 1571 401 1620 24
437 1555 545 1616 tus
580 1551 649 1615 in
686 1551 983 1616 barbaris
1012 1571 1180 1616 raro,
1254 1550 1433 1626 Quae
1464 1571 1858 1635 quamquam
1890 1551 2066 1616 inter
2093 1552 2332 1616 electas
2370 1557 2802 1638 processerat,

436 1640 729 1704 omnium
782 1643 1001 1704 tamen
1060 1640 1281 1704 oculos
1338 1640 1662 1704 convertit
1720 1639 1788 1703 in
1846 1661 1942 1723 se,
2009 1639 2290 1704 maxime
2345 1641 2520 1724 regis
2557 1642 2800 1706 'minus

436 1729 568 1792 iam
642 1727 1106 1812 cupiditatibus
1182 1728 1315 1792 suis
1389 1727 1776 1811 imperantis
1847 1728 2018 1792 inter
2091 1728 2406 1812 obsequia
2477 1728 2798 1813 fortunae,

331 1838 399 1888 25
440 1821 667 1882 contra
722 1837 918 1902 quam
963 1837 1097 1880 non
1144 1817 1303 1880 satis
1352 1819 1546 1880 cauta
1589 1815 1956 1880 mortalitas
2012 1819 2132 1880 est.
2221 1815 2452 1900 Itaque
2497 1817 2636 1901 ille,
2681 1819 2796 1902 qui

435 1928 703 1972 uxorem
750 1905 974 1988 Darei,
1030 1904 1141 1989 qui
1197 1904 1353 1969 duas
1408 1903 1576 1968 filias
1623 1903 1941 1986 virginee,
1999 1905 2235 1988 quibus
2280 1904 2494 1968 forma
2537 1911 2798 1989 praeter

432 1994 746 2059 Roxanen
776 1994 1123 2078 conparari
1148 1993 1333 2058 nulla
1358 1996 1638 2076 poterat,
1663 1991 1838 2058 haud
1867 1992 1998 2056 alio
2029 1992 2246 2058 animo
2275 2014 2471 2076 quam
2498 1996 2794 2077 parentis

435 2082 840 2167 adspexerat,
869 2087 1027 2148 tunc
1054 2083 1124 2146 in
1154 2103 1443 2148 amorem
1466 2081 1906 2166 virgunculae,
1935 2081 1992 2146 si
2018 2081 2242 2164 regiae
2271 2081 2463 2166 stirpi
2485 2105 2792 2167 conpara-

434 2255 655 2326 gischer
699 2260 849 2311 ware
894 2257 987 2310 die
1030 2254 1371 2325 Hypotaxis:
1418 2271 1558 2324 quae

434 2327 541 2382 Sia.
571 2328 839 2393 adduxit,
866 2327 1169 2383 distributa
1187 2327 1296 2381 etc.
1335 2322 1559 2395 Wegen

432 2397 529 2451 des
574 2397 878 2467 folgenden
926 2404 1175 2452 armenta
1219 2394 1556 2465 (Pflugvieh)

431 2468 509 2521 ist
540 2468 645 2523 'bei
692 2470 937 2523 iumenta
982 2484 1055 2521 an
1100 2467 1325 2533 Pferde‚
1378 2467 1556 2521 Maul-

438 2539 553 2592 esel
587 2556 640 2592 u.
682 2538 856 2607 dergl.
895 2556 963 2593 au
998 2538 1234 2593 denken.
1266 2568 1333 2577 --
1358 2540 1556 2607 pari-

432 2614 531 2663 ter
574 2608 650 2662 ist
694 2625 804 2677 eng
848 2609 957 2664 mit
1011 2613 1070 2663 et
1112 2610 1350 2664 damno
1400 2614 1459 2663 et
1511 2610 1553 2675 f.

432 2698 499 2735 zu
543 2679 865 2738 verbindon.
943 2680 996 2735 S.
1034 2679 1181 2735 Einl.
1230 2686 1259 2745 ξ
1296 2685 1365 2734 46
1414 2696 1463 2736 a.
1501 2698 1557 2734 u.

433 2751 547 2820 νει.
585 2756 635 2807 9.
675 2756 725 2805 9.
766 2756 847 2805 13.

503 2826 589 2876 20.
631 2823 997 2891 praefatas
1046 2822 1099 2876 d.
1138 2822 1195 2877 h.
1242 2821 1556 2877 erklarte

434 2892 583 2961 (dem
620 2892 829 2961 Sisim.)
864 2892 1219 2961 vorlaufig
1252 2909 1403 2958 nui-3
1446 2891 1556 2947 Ge-

432 2980 583 3033 gens.
621 2964 698 3019 ist
729 2963 820 3017 die
854 2963 1117 3034 folgende
1146 2962 1557 3033 Beschenkung

430 3034 529 3089 des
550 3033 735 3089 Sisim.
784 3032 1132 3089 Schwerlich
1156 3033 1235 3089 ist
1254 3033 1315 3089 in
1342 3032 1556 3089 diesem

429 3104 949 3174 Zusammenhange
980 3107 1131 3161 etwa
1164 3105 1338 3161 edicto
1364 3122 1433 3159 zu
1468 3121 1554 3159 er-

430 3180 647 3245 giimen
664 3176 801 3245 (ng
820 3176 943 3231 Liv.
962 3182 1013 3230 3.
1033 3180 1122 3230 45.
1146 3178 1199 3243 1)
1226 3174 1343 3229 und
1364 3190 1439 3229 an
1462 3174 1554 3230 die

430 3246 1059 3315 Eingangsformel,
1098 3246 1215 3301 des
1278 3247 1553 3301 Armee·

428 3314 701 3371 befehls
728 3335 797 3371 zu
825 3316 1072 3385 denken‚
1105 3317 1179 3371 da
1200 3316 1333 3385 ,iene
1360 3313 1550 3373 Dank-

428 3386 1550 3515 aba

426 3528 533 3583 Die
562 3528 723 3583 Satze
756 3533 908 3584 cocta
936 3570 948 3582 .
973 3569 985 3581 .
1010 3570 1021 3583 .
1050 3529 1215 3583 iussit
1249 3527 1364 3583 und
1396 3530 1556 3585 milia

430 3602 572 3655 dono
602 3601 702 3655 dat
732 3600 929 3655 stehen
958 3598 1019 3653 in
1044 3598 1554 3669 gegensatzlichem

428 3670 783 3727 Verhffltniss
796 3688 864 3724 zu
878 3670 1172 3736 einander-3
1192 3670 1283 3725 die
1292 3670 1346 3724 H
1356 3686 1391 3724 a
1400 3688 1485 3739 up
1495 3671 1523 3723 t
1532 3698 1554 3710 ·

428 3741 657 3806 sache,
706 3740 958 3797 namlich
994 3740 1096 3796 das
1133 3740 1552 3797 Unternebmen

428 3812 583 3868 eines
621 3812 799 3881 Zuges
836 3828 1022 3882 gegen
1056 3812 1149 3867 die
1186 3810 1554 3879 Sacae‚·tritt

426 3883 825 3951 grammatisch
892 3883 1117 3939 zurfick.
1208 3882 1554 3943 Aehnlicher

429 3952 672 4012 Satzbau
702 3959 749 4009 7.
770 3959 821 4011 4.
841 3959 1012 4011 4o.—
1030 3953 1257 4019 Sacae,
1284 3952 1552 4022 Scythen·

427 4024 643 4079 horden
662 4040 755 4080 am
769 4024 1189 4093 Weatabhange
1208 4025 1309 4079 des
1327 4024 1550 4081 Imaus?

424 4094 625 4152 Lesa-rt
650 4094 930 4151 unsicher.
976 4096 1199 4151 Andere
1218 4094 1393 4151 Sacae
1422 4094 1550 4151 sind

430 4164 521 4219 die
558 4171 607 4219 ⁷.
647 4171 697 4220 9.
738 4172 803 4221 17
842 4168 1183 4224 emahnten.

496 4240 583 4289 21.
626 4236 982 4305 Oaeyartcs,
1019 4255 1063 4294 s.
1102 4238 1247 4293 oben
1284 4242 1333 4292 2.
1372 4241 1458 4292 25.

498 4310 583 4361 22.
638 4308 1181 4377 relinquebatur,
1237 4308 1384 4363 nach
1446 4306 1547 4362 der

1666 2255 1808 2310 eben
1823 2255 2148 2326 erwabnten
2156 2254 2546 2326 Bestimmung
2553 2257 2792 2312 Alexan—

1665 2322 1821 2393 dern,
1860 2351 1926 2371 ε
1965 2324 2506 2382 zuriickbleiben
2554 2328 2790 2396 sollte,

1665 2394 1911 2452 durfte.
1938 2429 2005 2437 —
2029 2397 2418 2466 accipiebat
2451 2398 2560 2453 wie
2598 2405 2680 2455 12.
2723 2404 2788 2454 15

1663 2468 2011 2537 hospitaliter
2056 2469 2360 2536 accepisset.
2438 2469 2600 2524 Auch
2637 2468 2790 2525 Clas-

1666 2537 1818 2595 siker
1851 2537 2135 2593 brauchen
2163 2556 2223 2593 so
2250 2538 2412 2594 nicht
2437 2540 2620 2597 selten
2643 2542 2789 2597 acci·
2907 2608 2910 2615 ¹

1655 2626 1790 2678 pere
1825 2609 1933 2664 mit
1957 2608 2282 2665 Adverbien
2317 2610 2454 2665 oder
2487 2612 2786 2669 Ablativis.

1737 2686 1822 2737 23.
1885 2682 2358 2735 celebraretur.
2448 2680 2611 2735 Auch
2672 2681 2786 2738 Cic.

1665 2753 1818 2821 sagt:
1891 2752 2192 2810 celebratur
2263 2753 2572 2807 convivium
2645 2755 2789 2819 ὅπου,

1663 2824 1908 2878 omnium
1941 2824 2182 2887 laetitia,
2215 2824 2366 2877 omm'
2391 2829 2688 2893 appar-am.
2717 2854 2788 2865 --

1663 2894 1845 2949 inter
1879 2910 2058 2963 qaas.
2123 2894 2345 2950 Ebenso
2380 2895 2488 2949 mit
2523 2911 2632 2953 ease
2666 2911 2788 2951 ver-

1662 2962 1895 3022 bunden
1937 2971 1988 3019 9.
2025 2970 2076 3020 8.
2118 2970 2201 3020 19.
2278 2964 2332 3019 8.
2382 2964 2474 3019 die
2509 2965 2672 3023 Anm.
2719 2984 2788 3023 zu

1663 3038 1716 3087 8.
1741 3040 1788 3089 1.
1812 3041 1906 3100 143
1935 3052 2031 3089 zur
2055 3035 2234 3091 Sache
2261 3035 2374 3105 vgl.
2404 3035 2496 3091 die
2523 3036 2786 3092 ahnliehe

1665 3104 1841 3159 Stelle
1879 3111 1928 3161 6.
1967 3111 2015 3160 2.
2057 3112 2106 3161 6.
2142 3136 2210 3147 -—-
2247 3108 2480 3162 decore
2511 3108 2785 3163 liabitas

1663 3200 1732 3221 ==
1765 3176 2096 3244 Annene,
2135 3176 2287 3231 edle
2323 3176 2640 3248 Haltung.

1732 3252 1818 3303 24.
1883 3247 2156 3313 electae,
2233 3248 2288 3301 ‘J
2457 3266 2603 3305 auen
2671 3266 2786 3304 von

1661 3318 2044 3373 auserlesener
2073 3317 2402 3375 Schonheit'
2445 3338 2486 3375 s.
2517 3318 2660 3374 Einl.
2691 3325 2726 3385 5
2752 3325 2781 3375 ‘1

1659 3387 1798 3443 fiber
1835 3388 1928 3445 die
1965 3386 2472 3458 substantivirung.
2503 3420 2571 3431 «-
2603 3392 2782 3446 obse-

1655 3460 1844 3585 ffl‘s
1868 3458 2112 3599 0332?ss
2115 3460 2784 3588 ⁶53³5¹1²¹¹ff⁶t²0102350lffi

1667 3600 1956 3655 ‘inmitten
2028 3602 2126 3655 der
2193 3600 2781 3672 iiberschwenglichen

1664 3670 2044 3740 Segnungen'.
2067 3700 2134 3710 —
2161 3676 2395 3739 cauta,
2433 3672 2780 3742 ‘gewapp-

1661 3741 1818 3796 net'.
1895 3740 2022 3811 Vgl.
2063 3746 2148 3795 10.
2187 3748 2238 3798 1.
2273 3748 2344 3799 40
2386 3759 2472 3797 res
2515 3744 2782 3799 secandae

1659 3813 1844 3867 valeat
1879 3817 2208 3869 commutare
2249 3818 2516 3869 naturam
2561 3820 2612 3869 et
2649 3829 2780 3871 raro

1660 3885 1954 3953 qaisquam
2000 3899 2158 3953 erya
2212 3885 2386 3939 bona
2437 3901 2562 3939 sua
2613 3886 2780 3954 eatis

1660 3960 1903 4011 cautas
1965 3959 2061 4009 est
2112 3954 2229 4009 und
2282 3952 2402 4010 Liv.
2459 3959 2544 4010 38.
2601 3960 2690 4015 25.
2747 3961 2777 4009 7

1649 4042 1860 4094 parum
1895 4030 2056 4081 casato
2093 4024 2352 4081 adven-m
2399 4026 2668 4092 fraudem.
2708 4054 2776 4065 --

1657 4098 2049 4152 mortalitas
2077 4121 2144 4141 -ε
2171 4101 2382 4154 namra
2416 4097 2698 4153 hominum
2733 4114 2774 4151 S.

1727 4243 1812 4291 25.
1849 4254 2046 4307 quam
2067 4239 2398 4307 parentis.
2452 4238 2562 4297 Zur
2593 4237 2775 4295 sache

1654 4326 1696 4365 s,
1735 4314 1785 4363 3.
1827 4314 1910 4363 12.
1939 4314 2026 4363 21.
2055 4338 2124 4349 --
2151 4310 2212 4363 si
2245 4325 2292 4363 r.
2329 4314 2402 4363 st.
2441 4323 2774 4377 conpara·
