3069 4749
470 140 559 202 44
734 89 739 95 1
1378 137 1441 203 Q.
1481 136 1703 197 CURTI
1740 136 1915 191 RUFI

471 301 735 367 creditis
782 322 923 365 esse
978 304 1334 383 tormenta,
1388 322 1473 363 ne
1528 299 1698 364 hanc
1754 299 2016 383 quidem
2072 298 2472 364 exhibendae
2527 300 2830 365 veritatis

364 402 434 451 30
468 391 663 454 fidem
718 390 1045 474 deprecor.
1144 385 1371 453 Solent
1432 389 1529 453 rei
1593 388 1826 471 capitis
1892 388 2197 452 adhibere
2258 388 2444 452 vobis
2501 393 2831 471 parentes.

469 479 655 544 Duos
707 478 945 543 fratres
1002 498 1124 561 ego
1178 498 1383 560 nuper
1430 476 1648 559 amisi,
1701 481 1956 560 patrem
2008 498 2127 541 nec
2171 476 2510 541 ostendere
2556 499 2828 561 possum
2851 479 2948 543 40

365 580 430 628 31
470 590 589 633 nec
626 568 927 632 invocare
965 565 1191 647 aude0,
1228 586 1374 631 cum
1413 570 1479 630 et
1514 565 1656 648 ipse
1693 566 1857 630 tanti
1887 565 2176 629 criminis
2211 586 2358 629 reus
2397 567 2502 629 sit.
2583 565 2829 631 Parum

473 662 574 721 est
628 657 801 721 enim
854 659 961 721 tot
1004 654 1199 720 modo
1247 655 1524 719 liberum
1570 657 1936 737 parentem,
1993 655 2066 717 in
2109 654 2302 718 unico
2348 654 2480 718 filio
2529 654 2830 739 adquies-

472 750 746 829 centem,
792 765 867 809 eo
916 764 1173 828 quoque
1219 743 1455 827 orbari,
1500 743 1631 807 nisi
1667 743 1807 826 ipse
1843 742 1912 806 in
1945 762 2181 827 rogum
2217 764 2433 807 meum
2469 743 2829 827 inponitur.

366 845 433 893 32
471 835 672 918 Ergo,
718 833 1049 898 carissime
1089 836 1295 916 pater,
1342 836 1411 896 et
1444 835 1711 915 propter
1745 852 1850 895 me
1887 832 2181 896 morieris
2220 835 2286 895 et
2321 852 2594 896 mecum.
2674 832 2826 917 Ego

470 924 597 987 tibi
642 922 849 987 vitam
895 922 1128 998 adime,
1175 940 1297 1004 ego
1346 924 1744 985 senectutem
1793 924 1974 985 tuam
2022 920 2355 1005 extinguo!
2447 919 2614 996 Quid
2654 923 2830 985 enim

473 1033 579 1076 me
624 1011 1013 1094 procreabas
1058 1008 1386 1073 infelicem
1434 1008 1931 1073 adversantibus
1979 1007 2122 1073 dis‘?
2181 1031 2263 1073 an
2309 1013 2384 1072 ut
2427 1008 2548 1073 hos
2596 1031 2672 1073 ex
2720 1032 2829 1073 me

368 1112 435 1161 33
473 1100 724 1164 fructus
771 1099 1161 1183 percipereS,
1220 1098 1334 1182 qui
1375 1100 1441 1161 te
1488 1096 1797 1161 manent?
1878 1097 2116 1162 Nescio
2123 1147 2142 1179 ,
2199 1097 2636 1162 adulescentia.
2679 1120 2832 1162 mea

474 1188 773 1253 miserior
830 1188 920 1252 sit
974 1209 1059 1250 an
1106 1190 1403 1252 senectus
1448 1190 1590 1251 tua:
1647 1206 1768 1270 ego
1825 1186 1893 1250 in
1949 1188 2092 1271 ipso
2138 1187 2371 1251 robore
2417 1186 2654 1251 aetatis
2703 1188 2828 1250 eri-

474 1278 647 1360 pior:
692 1277 814 1341 tibi
862 1274 1153 1341 carnifex
1192 1275 1493 1359 spiritum
1531 1274 1793 1356 adimet,
1839 1296 2049 1359 quem,
2095 1276 2152 1339 si
2187 1274 2451 1339 fortuna
2489 1278 2828 1359 expectare

368 1387 437 1435 34
474 1365 809 1447 voluisset,
852 1369 1092 1429 natura
1135 1364 1463 1447 poscebat.
1557 1362 1921 1427 Admonuit
1975 1384 2080 1427 me
2135 1364 2342 1447 patris
2390 1363 2519 1427 mei
2563 1365 2829 1447 mentio,

475 1476 670 1538 quam
724 1453 951 1517 timide
1006 1457 1073 1516 et
1128 1456 1537 1536 cunctanter,
1593 1473 1758 1536 quae
1805 1449 2156 1517 Cebalinus
2212 1452 2536 1517 detulerat
2582 1453 2665 1523 ad
2710 1474 2833 1534 me,

473 1542 759 1607 indicare
806 1539 1159 1606 debuerim.
1241 1540 1589 1606 Parmenio
1637 1540 1827 1623 enim,
1874 1562 2021 1605 cum
2068 1541 2382 1624 audisset,
2427 1562 2746 1605 venenum
2793 1564 2833 1605 a

472 1630 780 1714 Philippo
850 1630 1101 1695 medico
1165 1630 1306 1715 regi
1372 1630 1616 1714 parari,
1681 1628 2006 1694 deterrere
2071 1652 2218 1693 eum
2281 1629 2490 1693 voluit
2551 1630 2832 1713 epistola

476 1720 737 1802 scripta,
784 1740 909 1803 quo
958 1719 1175 1782 minus
1221 1718 1764 1783 medicamentum
1811 1718 2082 1799 biberet,
2129 1717 2300 1802 quod
2341 1718 2630 1782 medicus
2677 1719 2830 1783 dare

477 1808 922 1873 constituerat.
1006 1805 1183 1871 Num
1221 1808 1539 1872 creditum
1569 1813 1670 1873 est
1699 1808 1873 1889 patri
1903 1808 2092 1872 meo?
2137 1828 2294 1871 num
2325 1806 2523 1871 ullam
2553 1808 2829 1872 auctori·

370 1912 438 1961 35
476 1900 685 1961 tatem
724 1897 861 1961 eius
896 1896 1153 1960 litterae
1188 1896 1602 1961 habuerunt?
1683 1897 1830 1980 Ego
1867 1896 2026 1980 ipse,
2063 1896 2382 1980 quotiens,
2419 1916 2582 1978 quae
2619 1896 2834 1961 audie·

474 2007 647 2068 ram,
711 1984 943 2063 detuli,
998 2006 1142 2049 cum
1200 1984 1481 2050 ludibrio
1539 1985 1946 2050 credulitatis
2002 1985 2301 2068 repulsus
2363 2005 2524 2048 sum.
2625 1982 2696 2048 Si
2751 1990 2831 2061 et,

478 2096 624 2139 cum
682 2074 1070 2155 indicamuS,
1116 2074 1310 2137 invisi
1358 2078 1449 2153 et,
1496 2097 1643 2139 cum
1690 2079 2010 2155 tacemus,
2059 2072 2342 2156 suspecti
2389 2094 2629 2157 sumuS,
2677 2072 2830 2157 quid

370 2179 438 2227 36
474 2162 687 2227 facere
740 2184 860 2226 nos
916 2160 1251 2245 oportet?'
1352 2159 1644 2245 Cumque
1701 2184 1865 2226 unus
1922 2184 1956 2225 e
2013 2162 2575 2226 circumstantium
2634 2162 2830 2226 turba

478 2251 931 2333 exclamasset,
988 2248 1187 2313 ‘Bene
1242 2250 1493 2313 meritis
1549 2272 1682 2315 non
1735 2249 2032 2315 insidiari
2046 2248 2083 2313 !'
2184 2249 2512 2334 Philotas,
2568 2248 2833 2333 ‘Recte',

370 2348 437 2397 37
476 2340 714 2423 inquit,
770 2336 1087 2422 ‘quisquis
1133 2358 1229 2420 es,
1284 2336 1463 2402 dicis.
1553 2338 1782 2422 Itaque
1837 2338 1894 2402 si
1939 2338 2280 2403 insidiatus
2329 2360 2502 2423 sum,
2557 2360 2832 2424 poenam

476 2449 609 2493 non
662 2428 970 2510 deprecor
1024 2429 1091 2490 et
1144 2426 1341 2488 finem
1396 2426 1568 2490 facio
1630 2426 1912 2510 dicendi,
1973 2427 2280 2511 quoniam
2341 2428 2576 2492 ultima
2635 2429 2833 2493 verba

478 2516 706 2599 gravia
752 2518 905 2577 sunt
950 2515 1090 2577 visa
1136 2513 1444 2578 auribus'.
1537 2515 1902 2579 Abducitur
1935 2515 2164 2579 deinde
2201 2517 2284 2580 ab
2324 2516 2424 2598 iis,
2470 2518 2582 2600 qui
2620 2522 2830 2582 custo·

484 2604 748 2667 diebant
792 2623 956 2666 eum.

476 2796 575 2851 des
614 2795 673 2850 in
710 2794 888 2850 Prosa
933 2797 1091 2850 sonet
1136 2795 1603 2866 ungewohnliche

476 2865 935 2938 Verbindungen.

551 2943 637 2992 29.
692 2939 898 3005 fidem
945 2939 1073 3007 sagt
1117 2937 1275 2992 mehr
1310 2936 1397 2991 als
1433 2937 1604 2991 ratio-

477 3027 625 3074 nem,
669 3011 833 3065 viam.
889 3010 1023 3075 fides
1066 3006 1145 3060 ist
1180 3008 1272 3062 ein
1310 3007 1605 3062 Beweis-

478 3080 713 3136 mittel
757 3099 853 3134 zur
898 3079 1224 3148 Erhiirtung
1269 3078 1367 3132 der
1404 3077 1606 3132 Wahr-

478 3149 623 3218 heit3
660 3151 721 3206 in
756 3149 1035 3219 gleichem
1076 3149 1242 3203 Sinne
1280 3148 1459 3203 findet
1484 3149 1607 3204 sich

1711 2795 1816 2849 Die
1845 2795 2044 2852 Worte
2080 2798 2144 2850 in
2179 2813 2372 2866 rogum
2407 2815 2582 2853 meum
2616 2799 2833 2868 inponi-

1712 2871 1807 2920 twr
1843 2867 2090 2938 besagen
2125 2866 2285 2923 nicht
2319 2870 2478 2923 mehr
2513 2870 2598 2924 als
2634 2887 2836 2924 mecum

1711 2939 1962 2994 moritur.
2002 2970 2071 2980 —-
2107 2940 2272 3008 quid
2307 2941 2477 2994 enim
2513 2965 2581 2986 ==
2618 2941 2680 2994 τί
2709 2936 2835 3009 γάρ,

1713 3025 1962 3064 warum
2007 3009 2180 3063 denn
2225 3010 2410 3065 auch.
2485 3009 2600 3063 Der
2647 3029 2718 3064 zu
2753 3029 2834 3066 er·

1713 3078 2006 3147 ganzende
2041 3079 2589 3148 Zwischengedanke
2626 3079 2730 3134 iste
2775 3087 2835 3135 at

1713 3165 1827 3204 non
1863 3149 2116 3204 inmerito
2152 3149 2257 3202 tibi
2289 3150 2388 3203 hoc
2423 3150 2641 3205 accidit.

479 3223 581 3276 das
627 3221 789 3276 Wort
843 3222 989 3276 auch
1038 3218 1133 3274 bei
1176 3219 1391 3287 Livius,
1446 3220 1608 3274 nicht

480 3293 661 3346 selten
688 3292 793 3347 mit
821 3290 1005 3346 einem
1023 3290 1260 3346 Genetiv
1288 3291 1386 3344 der
1413 3308 1481 3344 zu
1506 3290 1605 3345 be-

478 3362 799 3418 weisenden
836 3361 1033 3417 Sache.

552 3456 635 3504 30.
675 3451 894 3504 solent
928 3451 1030 3503 rei
1064 3451 1170 3505 etc.
1236 3449 1311 3503 Es
1337 3448 1607 3518 folgtdie

478 3520 779 3591 peroratio,
816 3520 909 3574 die
944 3519 1007 3573 in
1042 3518 1256 3574 diesem
1284 3520 1444 3576 Falle
1478 3519 1604 3574 eine

480 3592 803 3661 deprecatio
846 3590 942 3645 ist.
996 3623 1061 3632 —
1110 3597 1431 3660 parentes
1482 3591 1606 3646 hier

480 3679 541 3717 so
595 3662 710 3717 viel
765 3663 874 3717 als:
934 3662 1049 3716 ‘die
1090 3664 1373 3738 gachet-en
1418 3662 1607 3716 Bluts·

478 3733 893 3802 verwandten’,
949 3733 1076 3788 eine
1130 3732 1525 3802 Bezeichnung
1574 3749 1610 3786 a

479 3804 713 3874 potiori,
779 3805 884 3858 wie
940 3806 1109 3872 pueri
1176 3804 1479 3869 ‘Kinder’3
1545 3819 1608 3856 so

480 3877 723 3931 braucht
758 3874 904 3930 auch
938 3876 1135 3930 Florus
1172 3876 1273 3930 das
1310 3875 1489 3930 wort.

524 3971 639 4047 ⁶31.
670 3981 914 4034 parum
947 3970 1069 4045 est,
1108 3963 1213 4017 mit
1239 3961 1475 4017 bitterer
1492 3963 1608 4017 Iro—

480 4035 1067 4161 ?3321253⁸}{i3„e?¹?2¹2·
1081 4033 1612 4187 „Safissssesssffifiz

483 4175 977 4316 {ffsszffifflgl
996 4174 1471 4316 &gffmffi
1500 4193 1612 4314 {¹535

1785 3244 1870 3292 33.
1917 3238 2204 3304 eripior,
2249 3236 2363 3291 abs.
2409 3236 2499 3289 fiir
2543 3237 2832 3304 extmyuor

1712 3308 1820 3363 wie
1856 3309 2000 3362 velut
2035 3311 2213 3374 erepto
2247 3322 2326 3372 ec,
2363 3312 2411 3360 7.
2444 3313 2494 3360 6.
2522 3312 2607 3360 22.
2677 3305 2831 3361 Voll-

1713 3379 2027 3448 standigerz
2083 3381 2322 3446 ereptum
2373 3378 2536 3432 rebus
2577 3378 2834 3433 Inmunis

1715 3455 1798 3504 10.
1821 3455 1870 3505 5.
1893 3456 1975 3504 10.
2029 3449 2188 3502 Doch
2217 3450 2378 3517 sagte
2406 3465 2539 3502 man
2557 3449 2705 3503 auch
2719 3451 2835 3506 vita

1713 3522 1948 3589 eripitur
1993 3521 2192 3585 alicui,
2247 3518 2360 3574 Cic.
2405 3538 2462 3588 p.
2507 3520 2670 3576 Rosc.
2711 3524 2834 3577 Am.

1719 3597 1838 3646 149.
1897 3622 1955 3630 —
1998 3591 2321 3660 poscebat
2371 3589 2463 3644 fiir
2507 3594 2837 3661 poposcisset

1717 3679 1760 3718 s.
1805 3661 1950 3718 Einl.
1989 3667 2022 3727 ξ
2055 3667 2124 3715 45
2165 3679 2214 3716 a.

1789 3753 1873 3804 34.
1946 3765 2318 3804 venenum
2365 3769 2402 3805 a
2450 3752 2835 3820 Philippo

1707 3821 1981 3889 parari.
2057 3820 2110 3876 S.
2151 3822 2296 3876 oben
2332 3828 2381 3876 3.
2413 3828 2462 3876 6.
2493 3827 2542 3878 4.
2583 3854 2650 3862 -—
2692 3837 2834 3876 con·

1716 3893 2058 3946 stituerat.
2154 3892 2440 3947 Zwischen
2494 3893 2622 3947 dem
2667 3892 2835 3946 Aner—

1717 3962 1911 4017 bieten
1955 3963 2053 4017 des
2090 3963 2387 4034 Philippus
2423 3964 2537 4018 und
2574 3964 2702 4026 dem
2739 3963 2836 4018 Be-

1718 4034 1855 4102 ginn
1883 4034 1981 4088 der
2004 4033 2120 4088 Kur
2147 4035 2316 4104 lagen
2341 4036 2481 4090 zwei
2503 4035 2672 4104 Tage.
2730 4033 2837 4088 Der

1717 4104 1994 4160 Indicativ
2041 4105 2122 4160 ist
2155 4105 2316 4159 nicht
2351 4105 2660 4160 auffallend
2695 4105 2836 4158 nach

1718 4173 1876 4300 1117111113
1903 4181 1933 4240 ξ
1971 4181 2038 4230 32
2079 4191 2122 4232 c.
2166 4178 2225 4248 β;
2271 4175 2385 4245 vgl.
2435 4177 2578 4232 auch
2613 4176 2836 4230 habebat
