3069 4749
796 175 1303 235 msrossmmm
1334 183 1757 235 ALEXANDRI
1791 183 1858 249 V,
1900 187 1981 235 11.
2025 186 2106 235 12.
2487 179 2617 243 207

265 367 401 412 non
444 347 687 431 posset,
732 343 933 408 dilato
982 344 1048 409 in
1094 344 1461 427 proximam
1506 346 1766 408 noctem
1814 344 2076 409 sceleris
2117 343 2386 408 consilio
2427 362 2620 427 agere

265 435 397 518 rem?
452 433 701 519 gratias
756 432 1011 516 incipit,
1068 433 1241 517 quod
1294 431 1527 516 perfidi
1581 431 1868 498 hominis
1925 431 2196 497 insidias
2251 432 2384 496 iam
2430 431 2620 496 Alex-

269 522 454 588 andri
520 543 675 605 opes
748 521 1105 604 spectantis
1168 520 1521 606 prudenter
1584 523 1898 606 cauteque
1961 519 2254 587 vitasset.
2359 519 2622 586 Donum

270 633 418 678 eum
462 610 643 676 hosti
696 610 985 676 laturum
1038 610 1240 676 fuisse
1297 610 1474 697 regis
1529 612 1782 694 caput·
1834 607 1972 676 Nec
2021 609 2246 674 mirari
2291 608 2621 673 hominem
2659 623 2692 671 2

268 699 565 765 mercede
610 698 1000 764 conductum
1048 700 1269 764 omnia
1310 699 1554 764 habere
1597 698 1886 764 venalia:
1947 699 2082 763 sine
2133 699 2434 783 pignore,
2481 698 2622 762 sine

268 790 425 873 lare,
462 794 784 853 terrarum
814 789 992 854 orbis
1024 788 1297 872 exulem,
1334 787 1682 872 ancipitem
1719 788 1999 872 hostem,
2037 785 2119 852 ad
2154 791 2388 852 nutum
2424 785 2618 851 licen-

269 878 435 943 tium
490 876 909 942 circumferri.
998 875 1320 964 Purganti
1374 877 1604 942 deinde
1661 898 1730 941 se
1787 876 2066 960 deosque
2121 876 2372 960 patrios
2416 877 2620 940 testes
2658 890 2692 939 3

268 967 421 1032 fidei
468 987 623 1030 suae
677 965 1011 1031 invocanti
1054 963 1307 1030 Dareus
1351 967 1538 1030 vultu
1583 964 2093 1048 adsentiebatur,
2149 964 2324 1030 haud
2371 963 2624 1046 dubius,

269 1055 427 1140 quin
472 1076 629 1119 vera
674 1053 1077 1119 deferrentur
1132 1076 1173 1118 a
1218 1053 1511 1120 Graecis:
1569 1054 1682 1119 sed
1739 1075 1815 1119 eo
1872 1075 2090 1119 rerum
2143 1057 2409 1118 ventum
2463 1057 2624 1136 erat,

266 1147 343 1209 ut
388 1147 527 1209 tam
572 1143 1005 1226 periculosum
1050 1146 1227 1208 esset
1258 1164 1391 1208 non
1429 1143 1686 1208 credere
1737 1143 1890 1226 suis,
1937 1163 2133 1227 quam
2181 1141 2411 1226 decipi.
2483 1159 2625 1206 xxx
2661 1157 2697 1206 4

270 1233 455 1298 milia
518 1235 705 1297 erant
717 1281 734 1314 ‚
810 1253 1087 1316 quorum
1151 1232 1465 1298 inclinata
1528 1232 1600 1296 in
1665 1231 1876 1300 scelus
1953 1231 2181 1296 levitas
2255 1231 2624 1295 timebatur.

270 1339 381 1386 1111
426 1321 613 1385 milia
657 1319 899 1385 Patron
944 1319 1255 1388 habebat:
1304 1321 1540 1406 quibus
1589 1323 1645 1385 si
1691 1318 2073 1386 credidisset
2117 1317 2393 1384 salutem
2439 1340 2625 1384 suam

270 1409 586 1475 damnata
630 1409 1047 1494 popularium
1091 1409 1250 1495 fide,
1293 1409 1648 1494 parricidio
1697 1408 2176 1474 excusationem
2221 1407 2486 1474 videbat
2531 1407 2624 1473 of-

271 1498 444 1563 ferri.
531 1496 765 1584 Itaque
809 1498 1241 1583 praeoptabat
1284 1498 1591 1564 inmerito
1639 1519 1834 1583 quam
1888 1498 2026 1562 iure
2076 1496 2328 1562 violari.
2418 1496 2623 1561 Besso
2662 1512 2720 1570 ὅ,

270 1591 497 1652 tamen
542 1587 925 1652 insidiarum
972 1587 1317 1653 consilium
1361 1588 1674 1673 purganti
1717 1585 2072 1670 respondit,
2111 1583 2466 1650 Alexandri
2502 1585 2625 1649 sibi

273 1697 411 1740 non
466 1675 683 1741 minus
738 1675 1059 1740 iustitiam
1114 1699 1308 1762 quam
1361 1676 1674 1742 virtutem
1731 1697 1874 1740 esse
1938 1678 2366 1760 perspectam.
2454 1673 2625 1738 Falli

274 1785 415 1848 eos,
460 1765 573 1849 qui
616 1764 1005 1849 proditionis
1054 1766 1136 1831 ab
1184 1787 1261 1831 eo
1306 1765 1672 1850 praemium
1718 1767 2086 1848 expectent:
2143 1763 2422 1828 violatae
2475 1761 2624 1828 fidei

273 1853 601 1918 neminem
666 1853 979 1918 acriorem
1044 1853 1183 1919 fore
1246 1853 1570 1919 vindicem
1645 1853 2068 1938 ultoremque.
2155 1850 2422 1936 Iamque
2494 1872 2625 1914 nox
2663 1867 2695 1915 6

278 1942 649 2027 adpetebat,
693 1963 843 2010 cum
876 1941 1114 2008 Persae
1160 1963 1343 2008 more
1390 1942 1590 2008 solito
1629 1942 1828 2007 armis
1863 1941 2100 2025 positis
2139 1941 2220 2006 ad
2257 1941 2627 2005 necessaria

279 2053 359 2096 ex
401 2030 699 2115 proximo
755 2031 896 2096 vico
951 2031 1221 2097 ferenda
1274 2031 1660 2098 discurrunt.
1751 2031 1842 2095 At
1886 2030 2247 2114 Bactriani,
2289 2033 2377 2093 —ut
2425 2029 2626 2112 impe-

170 2122 259 2187 33
281 2123 497 2184 ratum
545 2143 585 2184 a
630 2118 833 2185 Besso
881 2123 1041 2205 erat,
1086 2121 1319 2186 armati
1366 2121 1651 2187 stabant.
1712 2119 1891 2184 Inter
1933 2119 2094 2184 haec
2137 2117 2389 2183 Dareus
2436 2120 2627 2182 Arta·
2667 2133 2698 2183 7

276 2209 511 2273 bazum
559 2209 753 2273 acciri
797 2209 1004 2274 iubet:
1054 2209 1513 2295 expositisque,
1557 2229 1724 2294 quae
1769 2207 2016 2273 Patron
2063 2207 2412 2290 detulerat,
2455 2204 2628 2271 haud

276 2296 575 2363 dubitare
622 2295 1017 2384 Artabazus,
1071 2299 1229 2383 quin
1284 2297 1750 2364 transeundum
1807 2299 1977 2363 esset
2033 2297 2106 2362 in
2159 2299 2376 2362 castra
2435 2295 2629 2361 Grae-

276 2408 528 2452 corum:
573 2386 807 2452 Persas
853 2409 1109 2473 quoque
1153 2389 1440 2473 periculo
1487 2388 1760 2473 vulgato
1808 2390 2162 2453 secuturos.
2245 2385 2625 2451 Destinatus
2663 2402 2696 2452 8

278 2476 441 2541 sorti
486 2498 641 2541 suae
688 2479 755 2541 et
806 2477 939 2541 iam
984 2477 1227 2543 nullius
1282 2477 1564 2542 salubris
1621 2476 1877 2542 consilii
1931 2477 2190 2561 patiens
2243 2476 2502 2541 unicam
2559 2474 2630 2538 in

275 2564 395 2629 illa
439 2564 701 2630 fortuna
746 2587 937 2650 opem
980 2566 1401 2650 Artabazum,
1445 2567 1748 2630 ultimum
1793 2566 1980 2630 illum
2025 2565 2301 2648 visuruS,
2347 2565 2628 2647 amplec-

278 2653 443 2717 titur
479 2653 903 2738 perfususque
932 2655 1176 2719 mutuis
1213 2654 1501 2720 lacrimis
1536 2654 1982 2719 inhaerentem
2021 2654 2149 2718 sibi
2187 2654 2381 2719 avelli
2416 2654 2629 2718 iubet:

281 2741 494 2825 capite
550 2742 778 2807 deinde
832 2743 1078 2827 velato,
1130 2764 1213 2807 ne
1268 2744 1440 2809 inter
1495 2744 1776 2827 gemitus
1831 2741 2301 2825 digredientem
2357 2742 2538 2805 velut
2590 2762 2630 2804 a

279 2850 440 2915 rogo
488 2831 867 2916 intueretur,
909 2833 981 2897 in
1024 2832 1293 2897 humum
1340 2853 1619 2916 pronum
1667 2851 1902 2913 corpus
1949 2829 2204 2894 abiecit.
2261 2828 2427 2893 Tum
2472 2850 2627 2893 vero
2666 2845 2700 2895 9

284 3003 391 3074 eig.
435 3003 529 3058 ‘er
563 3005 723 3060 hatte
762 3005 1045 3075 (anfangs)
1083 3005 1246 3059 einen
1282 3003 1399 3059 An-
1557 3010 1632 3087 ·5.
1719 3005 2158 3087 raeoptabass·
2194 3002 2300 3058 mit
2335 3002 2488 3057 infin.
2524 3020 2631 3057 nur

283 3074 919 3218 {iffiffffgzsssssssfh
951 3078 1025 3201 ἓξ.
1065 3076 1284 3202 91ῗᾷθὲ
1294 3078 1403 3202 ’ἑξί
1510 3076 1638 3130 hm
1712 3091 1766 3129 ‘³¹
1803 3075 1880 3142 α’
1919 3094 1961 3131 ⁸·
2001 3075 2064 3129 Ε·
2110 3080 2227 3129 ²¹⁷·

284 3216 539 3286 deutung
575 3218 691 3274 nkl.
720 3248 794 3259 --
830 3219 1123 3275 consilio
1158 3219 1272 3273 fiirz
1311 3218 1403 3272 die

282 3286 651 3359 Ausfflhrung
678 3290 776 3343 des
795 3288 1015 3345 Planes.
1048 3320 1116 3331 --·
1139 3290 1405 3358 perfidi

282 3359 1041 3501 2222223248Q21222t22
1062 3359 1304 3498 ἷῖῗέῗ
1320 3390 1405 3485 [ξ’
1514 3396 1685 3451 Sinne
1703 3398 1858 3451 sonst
1878 3395 2029 3451 wohl
2054 3396 2216 3451 nicht
2233 3394 2442 3451 ublich.
2473 3393 2632 3449 Doch

341 3506 407 3563 ¹2·
447 3502 737 3571 pianore
773 3502 825 3559 d.
856 3502 893 3560 i·
924 3505 1015 3565 ain
1052 3503 1405 3571 Unterpfand
1512 3466 1629 3536 vgl.
1660 3462 1952 3537 ἀναγκαῖοι
1985 3484 2038 3521 u.
2067 3483 2153 3524 res
2179 3467 2514 3523 necessaoeiae
2541 3465 2636 3521 bei

286 3570 471 3627 seiner
488 3570 687 3641 Treue,
712 3572 799 3639 als
822 3574 896 3628 da
913 3574 1039 3629 sind
1067 3574 1403 3643 Vermogen,
1513 3537 1674 3592 caes·
2029 3631 2042 3643 ,

284 3642 571 3712 Angehuri
614 3660 645 3697 ο
682 3646 789 3699 eto.
820 3675 888 3685 -
928 3647 1069 3701 zare
1104 3644 1197 3699 fur
1230 3646 1405 3711 domo,
1553 3632 1638 3709 ‚⁷·
1684 3627 1961 3695 vazyato
1997 3626 2089 3709 fd?
2126 3626 2433 3709 patefacto,
2471 3640 2632 3707 σωρο-

266 3708 578 3769 ⁰vorherrsc
622 3716 731 3769 end
769 3716 1043 3785 poetisch,
1082 3716 1229 3771 doch
1260 3715 1405 3770 auch
1512 3703 1648 3779 3¹²9?
1683 3713 1745 3779 ⁸0,
1775 3697 1947 3753 ⁸0h011
1984 3696 2080 3783 ¹³91
2111 3698 2247 3765 Lm,
2285 3696 2432 3753 doch
2467 3697 2636 3750 meist

288 3780 460 3840 sehon
488 3784 583 3839 bei
609 3784 806 3841 Livius
832 3786 892 3841 in
910 3787 1231 3858 gehobener
1248 3787 1405 3841 Rede
1512 3770 1622 3823 “¹1¹⁵
1648 3767 1943 3823 Bfflssffizfln
1971 3776 2080 3824 Wle
2106 3784 2363 3837 sermone,
2399 3782 2629 3823 mme-

288 3874 331 3910 z.
370 3856 432 3910 B.
473 3860 558 3911 26.
598 3860 685 3913 25.
727 3863 810 3913 12.
842 3888 910 3899 -·-
952 3859 1219 3918 exulem.
1256 3845 1409 3912 Uber
1585 3862 1638 3911 8.
1684 3857 2036 3927 perfusus,
2072 3858 2390 3912 ubersetze:
2426 3856 2634 3925 geba·
2667 3865 2676 3873 ’

289 3924 397 3980 den
451 3942 577 3996 gen.
636 3946 678 3983 s.
735 3930 799 3983 E.
857 3935 943 3985 91.
1010 3960 1076 3970 --
1143 3929 1404 3985 hostem.
1516 3930 1632 3983 det
1685 3928 1753 3983 in
1799 3927 2141 3996 Thranen,
2197 3946 2259 3983 so
2303 3928 2450 3997 perf.
2505 3927 2636 3994 fletu

290 3994 449 4052 Sinn:
528 3998 612 4053 als
682 4001 1121 4082 unbestandiger
1191 3999 1405 4055 Partei-
1516 4000 1637 4055 Liv.
1674 4003 1761 4053 40.
1795 4003 1878 4057 12.
1908 4006 1960 4055 2.
1989 4030 2060 4041 --
2087 4000 2361 4067 mutuis,
2395 3997 2634 4052 ‘beider-

292 4071 505 4138 ganger
542 4069 721 4126 treibe
760 4088 823 4126 er
860 4069 980 4127 sich
1018 4088 1077 4125 m
1114 4072 1214 4127 der
1250 4071 1406 4125 Welt
1518 4069 1758 4140 seitig’,
1807 4070 1915 4126 wie
1961 4077 2012 4129 4.
2062 4076 2146 4125 10.
2188 4074 2256 4123 21
2302 4088 2356 4123 u.
2395 4074 2445 4124 ὃ.
2520 4068 2636 4123 Das

290 4140 501 4193 herum.
542 4170 611 4181 -
648 4144 1111 4210 circumferri,
1148 4143 1408 4198 veracht-
1516 4141 1645 4195 Bild
1673 4141 1752 4197 ist
1781 4141 2060 4208 unsch6n3
2089 4141 2344 4211 profusis
2368 4144 2518 4194 ware
2539 4155 2637 4194 an·

292 4207 405 4263 lich
442 4210 532 4265 fiir
568 4212 887 4285 circumagi.
1235 4212 1241 4219 ’
1518 4212 1909 4283 sprechender.
1975 4243 2043 4253 —
2108 4212 2288 4267 velut
2351 4228 2388 4265 a
2427 4226 2638 4280 -royo,

362 4286 410 4338 3.
468 4287 601 4338 tam
628 4286 1104 4355 periculosum.
1152 4284 1266 4340 Der
1302 4282 1408 4339 Ge·
1516 4285 1833 4339 ubersetzei
1881 4284 1968 4339 als
2016 4282 2161 4354 gehe
2209 4299 2269 4337 er
2303 4298 2416 4338 von
2451 4282 2636 4337 einem

296 4349 477 4407 danke
512 4354 620 4408 wie
664 4361 745 4412 11.
790 4363 871 4413 11.
1518 4354 1700 4411 Toten
1735 4355 1976 4425 hinweg.
2014 4382 2085 4395 --
2129 4354 2203 4409 in
2247 4355 2504 4409 humum
2541 4353 2636 4407 be-

1585 3188 1634 3238 6.
1700 3182 1784 3238 ad
1818 3182 2206 3237 ‘necessaria
2243 3225 2255 3238 .
2297 3220 2310 3235 .
2346 3180 2632 3247 ferenda

1511 3253 1602 3307 fur
1629 3254 1706 3308 ad
1733 3256 2082 3309 commeatum
2109 3253 2423 3323 petendum,
2452 3255 2630 3319 confe-

1510 3325 1758 3380 rendum.
1830 3324 2162 3379 Necessaria
2207 3322 2286 3378 ist
2321 3324 2381 3377 in
2417 3322 2633 3378 diesem
