3069 4749
812 132 1325 189 HISTORIARUM
1360 129 1792 185 ALEXANDRI
1829 131 1922 199 VI,
1965 138 2048 185 11.
2521 130 2609 196 49

254 302 447 367 desse
492 297 686 381 mihi,
742 295 917 381 quod
970 294 1331 379 praesentis
1388 292 1652 358 sceleris
1709 314 1935 377 expers
1983 314 2145 358 sum.
2233 292 2342 359 Illi
2389 316 2614 359 rursus
2651 316 2717 365 31

256 390 605 456 tormentis
653 386 961 469 admotis,
1017 406 1165 449 cum
1218 382 1347 466 ipsi
1404 402 1659 467 quoque
1705 381 1912 446 hastis
1961 405 2033 448 os
2083 383 2429 467 oculosque
2475 384 2614 448 eius

262 478 740 559 everberarent‚
806 494 1203 557 expressere,
1256 476 1332 536 ut
1383 470 1509 535 hoc
1565 491 1821 555 quoque
1877 472 2119 535 crimen
2177 473 2614 538 confiteretur.

260 564 697 651 Exigentibus
762 562 1019 646 deinde,
1080 565 1159 625 ut
1222 560 1512 625 ordinem
1579 558 1855 641 cogitati
1920 560 2181 623 sceleris
2248 564 2618 646 exponeret,
2654 581 2724 630 32

268 677 422 722 cum
466 654 578 718 diu
622 652 865 717 Bactra
909 653 1243 715 retentura
1284 670 1507 735 regem
1551 648 1949 730 viderentur,
2001 648 2300 713 timuisse
2351 672 2618 735 respon·

264 744 390 829 dit,
442 764 527 807 ne
578 744 769 826 pater
810 756 958 805 Lxx
1010 741 1210 804 natus⁴
1264 758 1493 817 annos,
1551 736 1723 801 tanti
1777 737 2096 802 exercitus
2147 737 2276 801 dux
2322 739 2620 822 [tantus],

264 835 489 898 tantae
533 829 847 915 pecuniae
892 830 1140 909 custos),
1186 826 1452 891 interim
1499 826 1991 910 extingueretur
2033 826 2290 911 ipsique
2334 826 2617 909 spoliato

264 922 469 987 tantis
515 919 760 984 viribus
799 916 1131 982 occidendi
1167 915 1341 999 regis
1382 936 1578 979 causa
1611 936 1744 979 non
1783 919 1971 979 esset.
2051 912 2426 979 Festinasse
2464 935 2618 1000 ergo

266 1032 356 1095 se,
390 1010 544 1073 dum
579 1006 940 1092 praemium
967 1005 1036 1069 in
1074 1003 1372 1069 manibus
1410 1004 1702 1087 haberet,
1736 1006 2220 1088 repraesentare
2249 1003 2622 1070 consilium:

267 1098 451 1164 cuius
478 1100 730 1180 patrem
758 1099 1059 1177 expertem
1085 1093 1286 1157 fixisse
1311 1091 1442 1157 nisi
1471 1091 1822 1177 crederent,
1848 1096 2194 1174 tormenta,
2223 1114 2618 1178 quamquam
2654 1110 2724 1161 33

265 1188 401 1251 iam
446 1186 727 1251 tolerare
770 1204 905 1248 non
948 1184 1201 1265 posset,
1256 1184 1477 1246 tamen
1530 1201 1662 1245 non
1717 1202 2033 1246 recusare.
2129 1181 2239 1246 Illi
2293 1181 2623 1247 conlocuti
2661 1200 2730 1249 34

152 1275 252 1340 44
274 1276 435 1340 satis
479 1272 847 1357 quaesitum
892 1270 1101 1336 videri
1147 1270 1227 1334 ad
1274 1289 1495 1353 regem
1541 1273 1970 1334 revertuntur.
2063 1269 2186 1345 Qui
2221 1274 2484 1354 postero
2521 1270 2626 1334 die

273 1368 367 1448 et,
424 1384 590 1449 quae
642 1360 975 1426 confessus
1035 1362 1177 1424 erat
1222 1357 1519 1423 Philotas
1529 1408 1549 1443 ,
1601 1358 1866 1423 recitari
1921 1361 1990 1422 et
2033 1358 2274 1442 ipsum,
2331 1359 2485 1443 quia
2521 1360 2626 1423 in-

272 1451 455 1539 gredi
509 1472 643 1516 non
687 1453 971 1534 poterat,
1017 1448 1212 1513 iussit
1258 1446 1514 1511 adferri.
1607 1444 1844 1511 Omnia
1891 1446 2326 1531 adgnoscente
2373 1468 2449 1511 eo
2495 1446 2623 1511 De·
2660 1464 2730 1515 35

271 1541 563 1617 mettius,
610 1538 722 1622 qui
765 1537 1044 1622 proximi
1091 1535 1355 1601 sceleris
1392 1535 1722 1619 particeps
1761 1556 1904 1601 esse
1939 1536 2356 1621 arguebatur,
2392 1536 2628 1619 produ-

270 1629 463 1693 citur.
551 1626 766 1691 Multa
810 1626 1264 1689 adfirmatione
1310 1624 1638 1708 animique
1685 1624 1932 1708 pariter
1978 1626 2098 1705 [et]
2147 1625 2519 1689 constantia
2561 1627 2628 1688 et

272 1716 497 1781 vultus
545 1716 855 1796 abnuens,
902 1713 1247 1799 quicquam
1295 1712 1423 1778 sibi
1469 1714 1542 1776 in
1587 1734 1810 1799 regem
1858 1714 2221 1797 cogitatum
2268 1734 2436 1796 esse,
2491 1718 2623 1777 tor-

275 1808 497 1870 menta
545 1803 741 1869 etiam
790 1801 1179 1886 deposcebat
1216 1802 1284 1865 in
1322 1801 1770 1885 semetipsum:
1819 1823 1964 1867 cum
1999 1799 2316 1884 Philotae,
2361 1800 2628 1867 circum·
2666 1820 2736 1870 36

274 1893 432 1959 latis
479 1892 687 1957 oculis
724 1895 800 1957 ut
835 1890 1119 1956 incidere
1155 1890 1225 1955 in
1264 1888 1454 1956 Calin
1494 1890 1814 1975 quendam
1851 1888 2028 1955 haud
2063 1891 2292 1974 procul
2329 1893 2630 1975 stantem,

273 1982 541 2066 propius
579 2002 727 2045 eum
763 1980 957 2044 iussit
994 1980 1317 2044 accedere.
1388 1979 1514 2043 Illo
1554 1980 1938 2061 perturbato
1976 1983 2043 2043 et
2077 1983 2419 2043 recusante
2455 1983 2633 2043 tran-

276 2071 406 2135 sire
454 2069 535 2133 ad
582 2090 757 2152 eum,
801 2066 1149 2151 ‘Patieris'‚
1194 2068 1433 2151 inquit,

1492 2066 1920 2133 ‘Demetrium
1977 2067 2238 2131 mentiri
2283 2088 2632 2151 rursusque

277 2179 383 2223 me
424 2156 774 2222 excruciari
786 2154 843 2220 ?’
909 2154 1104 2221 Calin
1140 2176 1266 2221 vox
1303 2155 1696 2241 sanguisque
1735 2155 2108 2221 defecerant
2144 2159 2212 2220 et
2246 2154 2631 2221 Macedones
2669 2174 2738 2223 3⁷

276 2246 593 2312 Philotan
636 2247 769 2310 iam
812 2245 1155 2329 inquinare
1200 2244 1498 2309 innoxios
1545 2245 1710 2310 velle
1760 2245 2278 2328 suspicabantur,
2318 2245 2472 2329 quia
2515 2265 2636 2310 nec

276 2357 320 2401 a
364 2333 766 2402 Nicomacho
812 2354 932 2398 nec
969 2334 1052 2400 ab
1090 2333 1233 2418 ipso
1271 2331 1556 2418 Philota,
1603 2355 1751 2400 cum
1787 2336 2219 2420 torqueretur,
2262 2334 2634 2401 nominatus

278 2428 455 2490 esset
492 2423 900 2489 adulescens:
938 2423 1049 2507 qui
1084 2426 1161 2486 ut
1196 2422 1564 2506 praefectos
1601 2423 1776 2508 regis
1816 2424 2308 2488 circumstantes
2349 2445 2417 2488 se
2454 2422 2638 2505 vidit,

283 2512 694 2578 Demetrium
750 2514 815 2576 et
875 2511 1294 2595 semetipsum
1348 2510 1415 2575 id
1469 2510 1722 2577 facinus
1768 2512 2093 2598 cogitasse
2139 2511 2472 2577 confessus
2519 2515 2638 2576 est.

280 2736 545 2809 obgleieh
562 2735 658 2791 ich
676 2736 823 2790 doch
843 2736 1112 2791 einsehen
1129 2752 1286 2791 musa
1300 2738 1405 2790 etc.

355 2815 441 2865 31.
461 2824 529 2862 οε
547 2809 899 2877 oculosque
927 2808 1404 2862 everberarent.

280 2878 587 2936 Disselben
612 2878 809 2934 Worte
844 2878 949 2931 hat
987 2874 1297 2942 Quintilian
1328 2879 1401 2948 (2.

281 2958 335 3005 4.
377 2953 465 3019 18)
502 2949 565 3003 in
602 2950 782 3004 einem
820 2948 1030 3004 rhetor.
1067 2945 1333 3018 Beispiel.

355 3027 440 3075 32.
472 3021 769 3075 ordinem
794 3035 924 3090 ⁶⁰9·
952 3020 1255 3085 sceleris,
1284 3019 1406 3074 d.h.

282 3091 396 3146 den
440 3091 707 3161 Hergang
762 3090 853 3145 bei
907 3090 1006 3144 der
1051 3090 1407 3159 Entstehung

283 3164 384 3217 des
452 3161 766 3233 Complotts
827 3162 913 3226 (co
952 3202 963 3213 .
1028 3161 1241 3230 scelus).
1332 3159 1407 3216 So

281 3233 567 3288 brauchen
612 3231 728 3288 bes.
775 3230 865 3286 die
957 3231 1173 3286 omiker
1218 3231 1409 3301 haufig

280 3306 417 3360 ordo
446 3328 513 3350 ==
542 3304 643 3358 der
677 3302 947 3372 Hergang
983 3302 1083 3356 der
1114 3302 1308 3356 Sache.
1338 3332 1406 3342 -

278 3380 664 3440 retentura,
708 3390 771 3428 so
809 3374 939 3428 dass
975 3373 1067 3426 die
1104 3371 1410 3427 Rflckkehr

279 3446 430 3500 nach
455 3445 684 3499 Medion
706 3443 769 3498 in
794 3443 960 3498 weite
978 3443 1154 3498 Ferne
1172 3443 1411 3512 gerfickt

282 3515 495 3570 schien.
554 3547 626 3556 —
680 3531 886 3570 causa
937 3514 1086 3568 hierz
1144 3513 1407 3568 Anlass.

282 3586 409 3640 Nur
442 3587 521 3640 im
556 3585 829 3640 Hinblick
864 3586 967 3639 auf
998 3585 1180 3639 seines
1209 3584 1409 3639 Vaters

280 3657 727 3726 Machtstellung
734 3656 947 3710 konnte
958 3655 1217 3710 Phil.von
1227 3654 1411 3709 einem

282 3729 607 3796 Auschlage
638 3715 776 3781 ⁴'auf
823 3726 1169 3781 Alexanders
1221 3726 1412 3780 Leben

282 3798 522 3854 Gewinn
556 3799 647 3852 fiir
681 3797 802 3852 sich
829 3796 1032 3852 hoffen.
1064 3826 1131 3835 —
1168 3797 1241 3850 in
1276 3813 1411 3851 ma-

280 3871 513 3936 nibuS,
557 3867 803 3923 insofern
850 3885 910 3923 er
945 3867 1086 3922 alles
1159 3883 1275 3920 was
1313 3867 1413 3922 der

284 3941 462 3996 Vater
497 3941 676 4007 hatte,
714 3938 799 3993 als
828 3938 929 3993 das
960 3909 1185 4006 Seinige
1214 3937 1410 3994 ansah.

356 4018 444 4066 34.
499 4011 844 4065 conlocuti
878 4035 946 4055 =
985 4009 1269 4078 conloquio
1315 4009 1412 4062 ha-

284 4083 402 4137 bito
430 4083 785 4147 decernentoe,
813 4080 989 4136 daher
1016 4079 1124 4134 mit
1150 4080 1277 4134 dem
1298 4094 1413 4132 acc.

289 4168 337 4207 c.
374 4152 472 4207 inf.
547 4152 675 4222 vgl.
716 4151 827 4206 Cic.
870 4169 995 4220 epp.
1033 4149 1109 4205 ad
1136 4148 1254 4204 Att.
1285 4155 1334 4203 6.
1363 4153 1415 4205 8.

290 4228 344 4289 2,
381 4240 469 4279 wo
508 4240 617 4278 von
643 4224 818 4294 plura
856 4223 1069 4277 locutus
1104 4220 1195 4275 ein
1224 4236 1339 4275 acc.
1370 4236 1415 4274 c.

290 4291 395 4348 inf.
434 4293 705 4364 abhangt.

404 4392 598 4446 veen,
627 4393 677 4442 Q.
705 4392 903 4436 Cui-tint.
933 4391 999 4434 11.

1587 2743 1673 2792 35.
1712 2736 2109 2791 Demetrius.
2184 2736 2238 2794 S.
2280 2742 2327 2792 ⁷.
2369 2743 2462 2804 153
2501 2744 2551 2792 9.
2586 2741 2637 2794 5.

1586 2813 1672 2864 36.
1702 2808 2028 2874 transire,
2051 2807 2236 2861 d.i.zu
2255 2806 2639 2876 ihm(eigent-

1513 2879 1657 2933 lich=
1713 2877 1816 2932 auf
1857 2877 2010 2932 scine
2057 2876 2228 2944 Seite)
2274 2875 2396 2932 sich
2441 2895 2508 2931 zu
2543 2877 2639 2931 be-

1514 2951 1714 3018 geben.
1752 2979 1822 2989 —
1859 2965 1951 3004 me
1997 2949 2402 3006 excruciari.
2477 2946 2641 3002 Blieb

1514 3021 1674 3076 Dem.
1730 3018 1824 3074 bei
1880 3019 2063 3074 seiner
2115 3018 2514 3089 Behauptung‚
2579 3035 2641 3073 so

1514 3091 1729 3145 musste
1785 3090 2016 3145 Zweifel
2069 3107 2142 3146 an
2197 3089 2295 3143 des
2339 3087 2484 3144 Phil.
2535 3089 2639 3144 Be-

1513 3162 1833 3231 theuerung
1877 3163 1928 3229 (5
1976 3163 2068 3230 30)
2116 3161 2436 3228 entstehen3
2493 3160 2643 3215 denn

1516 3249 1578 3287 es
1623 3249 1742 3287 war
1785 3230 2355 3299 unwahrscheinlich,
2403 3232 2530 3286 dass
2569 3248 2642 3286 an

1516 3303 1648 3358 dem
1704 3301 1994 3371 Complott
2053 3302 2248 3357 keiner
2303 3301 2403 3357 der
2464 3303 2643 3357 hohor

1516 3374 1829 3429 stehenden
1883 3373 2138 3428 Offieiere
2191 3373 2496 3443 betheiligt
2550 3389 2645 3440 ge·

1516 3461 1704 3499 wesen
1749 3445 1870 3499 sein
1916 3445 2106 3511 sollte;
2154 3446 2300 3499 auch
2344 3447 2504 3499 hatte
2542 3443 2642 3498 Ce-

1516 3515 1740 3570 balinus
1787 3515 1909 3570 sich
1952 3515 2348 3570 ausdrucklich
2403 3514 2506 3569 auf
2550 3514 2642 3569 die

1517 3585 1891 3640 Theilnahme
1927 3602 2039 3641 von
2081 3587 2194 3641 viri
2226 3587 2394 3654 fortes
2430 3591 2482 3640 et
2514 3586 2645 3640 illu-

1516 3663 1654 3712 stres
1691 3659 1763 3726 (7.
1803 3658 1857 3725 6)
1895 3655 2145 3711 berufen.

1591 3734 1676 3784 37.
1715 3733 1774 3782 et
1795 3728 2052 3783 Maced.
2082 3770 2094 3782 .
2117 3768 2130 3781 .
2154 3769 2166 3782 .
2196 3727 2646 3796 suspicaban-

1517 3805 1656 3868 tur,
1707 3798 1846 3852 ‘und
1893 3799 1982 3852 die
2019 3799 2162 3852 Mac.
2209 3799 2396 3867 fingen
2437 3796 2645 3851 bereits

1518 3887 1592 3925 an
1621 3888 1688 3924 zu
1707 3870 2064 3938 argwohnen.
2119 3868 2231 3923 Der
2257 3865 2520 3938 folgende
2540 3868 2646 3923 Re-

1518 3939 1785 3995 lativsatz
1821 3941 1919 4009 qui
1956 3940 2231 4006 confessus
2267 3944 2343 3994 est
2378 3938 2455 3993 ist
2481 3938 2644 3993 ziem-

1519 4011 1638 4066 lich
1690 4008 2195 4081 gleichbedeutend
2251 4010 2433 4064 einem
2495 4010 2646 4064 eine

1522 4081 2072 4137 fiberraschende
2118 4080 2474 4150 Wendung
2528 4080 2649 4134 der

1522 4152 1744 4222 Dinge
1772 4151 2174 4207 einffihrenden
2204 4150 2366 4206 Satze
2393 4151 2501 4205 mit
2527 4169 2650 4206 cum

1526 4241 1573 4278 c.
1622 4223 1788 4279 indic.
1876 4220 2210 4293 Vergleiche
2267 4229 2316 4278 3.
2375 4229 2424 4278 7.
2480 4229 2540 4289 23
2598 4229 2649 4278 3.

2191 4388 2224 4435 4
