3069 4749
833 185 1335 238 msToRIAmm
1369 185 1789 238 ALEXANDRI
1824 182 1894 251 V,
1921 189 1972 239 4.
2003 189 2052 238 5.
2485 184 2608 249 191

447 347 717 432 Iamque
762 345 937 411 haud
982 347 1209 431 procul
1255 347 1413 412 urbe
1472 349 1685 431 erant,
1741 369 1887 412 cum
1943 346 2306 412 miserabile
2361 367 2612 431 agmen,
2649 359 2682 408 5

263 438 441 501 inter
513 458 721 520 pauca
791 435 1090 501 fortunae
1164 436 1455 520 exempla
1526 436 2041 518 memorandum,
2105 435 2246 521 regi
2316 436 2612 501 occurrit.

268 524 531 610 Captivi
578 527 764 589 erant
809 523 1041 590 Graeci
1086 524 1168 590 ad
1214 543 1322 590 1111
1368 524 1551 589 milia
1585 524 1738 608 fere,
1775 545 1934 608 quos
1970 522 2208 589 Persae
2245 525 2426 590 vario
2465 547 2610 608 sup·

265 614 611 699 pliciorum
654 613 848 678 modo
896 612 1281 678 adfecerant.
1370 613 1558 678 Alios
1603 613 1907 697 pedibus,
1951 612 2264 696 quosdam
2309 614 2610 678 manibus
2648 632 2680 682 6

268 703 663 787 auribusque
710 701 1062 786 amputatis
1118 701 1479 787 inustisque
1534 702 1958 767 barbararum
2012 701 2379 768 litterarum
2434 702 2610 768 notis

265 792 339 856 in
398 793 670 877 longum
730 791 831 855 sui
890 790 1243 856 ludibrium
1301 795 1819 856 reservaverantt
1875 794 1968 874 et,
2026 811 2173 856 cum
2231 811 2300 855 se
2355 811 2610 875 quoque

269 880 523 946 alienae
588 879 858 946 dicionis
922 901 1063 944 esse
1125 883 1487 963 cernerent,
1546 880 1836 945 volentes
1891 879 2031 964 regi
2091 900 2421 946 occurrere
2478 901 2612 945 non

267 969 761 1054 prohibuerant.
857 967 1207 1034 Invisitata
1262 968 1636 1052 simulacra,
1688 989 1821 1034 non
1875 966 2171 1033 homines
2226 967 2613 1035 videbantur
2648 988 2678 1038 7

271 1079 390 1122 nec
437 1059 781 1143 quicquam
826 1057 896 1123 in
938 1057 1070 1122 illis
1116 1060 1375 1142 praeter
1417 1077 1642 1122 vocem
1677 1061 1936 1140 poterat
1973 1055 2300 1142 adgnosci.
2381 1056 2610 1123 Plures

268 1147 471 1232 igitur
516 1147 817 1212 lacrimas
864 1167 1293 1230 commovere,
1339 1167 1538 1230 quam
1582 1145 2006 1229 profuderant
2047 1145 2202 1229 ipsi:
2258 1145 2496 1230 quippe
2541 1146 2612 1210 in

268 1239 409 1300 tam
454 1235 800 1320 multiplici
842 1235 1146 1320 variaque
1181 1234 1448 1300 fortuna
1484 1235 1888 1319 singulorum
1925 1234 2326 1299 intuentibus
2363 1234 2610 1299 similes

272 1324 559 1408 quidem,
614 1323 727 1388 sed
771 1328 989 1388 tamen
1038 1323 1328 1408 dispares
1375 1344 1650 1408 poenas,
1704 1323 1846 1408 quis
1893 1323 2170 1400 maxime
2215 1323 2608 1390 miserabilis

272 1416 461 1497 esset,
504 1413 749 1498 liquere
794 1433 925 1478 non
969 1415 1245 1496 poterat.
1336 1410 1427 1476 Ut
1471 1432 1624 1477 vero
1668 1410 1890 1476 Iovem
1935 1411 2038 1476 illi
2092 1411 2355 1476 tandem
2412 1410 2608 1476 Grae·
2647 1431 2680 1482 8

272 1501 409 1567 ciae
470 1502 749 1567 ultorem
812 1500 1140 1585 aperuisse
1205 1501 1425 1566 oculos
1472 1501 1982 1583 conclamavere,
2043 1535 2119 1546 —
2179 1521 2402 1565 omnes
2467 1501 2611 1584 pari

270 1590 585 1674 supplicio
634 1589 869 1655 adfecti
914 1589 1042 1670 sibi
1099 1590 1499 1655 videbantur.
1590 1588 1730 1654 Rex
1785 1589 2122 1672 abstersis,
2177 1610 2336 1673 quas
2391 1589 2613 1674 profu-

270 1679 487 1762 derat,
502 1680 787 1744 lacrimis
822 1679 1068 1744 bonum
1103 1678 1341 1760 habere
1379 1678 1666 1743 animum
1702 1678 1902 1761 iubet,
1939 1679 2192 1743 visuros
2229 1678 2422 1743 urbes
2461 1699 2612 1742 suas

270 1767 729 1853 coniugesque,
792 1771 859 1832 et
922 1771 1136 1832 castra
1196 1767 1345 1832 inde
1409 1767 1536 1832 duo
1603 1766 1684 1831 ab
1744 1766 1904 1832 urbe
1965 1766 2174 1831 stadia
2241 1766 2613 1832 communit.

157 1858 246 1923 18
270 1854 501 1921 Graeci
545 1861 951 1922 excesserant
994 1856 1166 1921 vallo
1212 1855 1655 1936 deliberaturi,
1719 1855 1871 1940 quid
1917 1855 2331 1940 potissimum
2378 1877 2417 1919 a
2461 1875 2613 1940 rege

270 1948 583 2030 peterent.
630 1943 921 2029 Cumque
951 1945 1097 2010 aliis
1130 1945 1347 2010 sedem
1374 1945 1445 2009 in
1471 1943 1636 2010 Asia
1662 1964 1912 2029 rogare,
1944 1944 2091 2009 aliis
2120 1943 2358 2008 reverti
2386 1943 2612 2008 domos

269 2034 570 2118 placeret,
612 2032 977 2099 Euctemon
1021 2031 1339 2117 Cymaeus
1375 2033 1470 2098 ita
1506 2034 1763 2099 locutus
1802 2032 1884 2097 ad
1921 2053 2032 2098 eos
2069 2032 2306 2098 fertur:
2353 2030 2451 2116 ‘Ii,
2498 2032 2615 2117 qui

271 2122 466 2191 modo
527 2122 729 2187 etiam
784 2122 868 2186 ad
921 2143 1112 2206 opem
1166 2122 1513 2206 petendam
1569 2143 1646 2186 ex
1699 2121 1986 2187 tenebris
2041 2124 2107 2185 et
2162 2141 2414 2186 carcere
2468 2142 2614 2204 pro-

272 2210 493 2276 cedere
548 2211 917 2277 erubuimus
927 2261 945 2295 ,
1000 2213 1072 2276 ut
1124 2233 1295 2276 nunc
1350 2214 1477 2294 est,
1532 2211 1856 2296 supplicia
1917 2213 2146 2275 nostra
2194 2246 2271 2257 —
2338 2231 2612 2295 quorum

269 2321 390 2366 nos
454 2299 697 2386 pudeat
758 2301 969 2387 magis
1036 2322 1119 2364 an
1183 2300 1547 2385 paeniteat,
1608 2302 1927 2366 incertum
1982 2302 2080 2364 est
2142 2335 2217 2346 -
2286 2301 2613 2365 ostentare

271 2388 579 2455 Graeciae
644 2390 819 2456 velut
862 2389 1123 2471 ‚laetum
1186 2390 1628 2476 spectaculum
1697 2389 2006 2474 cupimus.
2111 2388 2313 2474 Atqui
2369 2388 2612 2473 optime

268 2478 567 2543 miserias
620 2478 873 2562 ferunt,
916 2478 1029 2563 qui
1084 2478 1516 2563 abscondunt,
1575 2500 1694 2543 nec
1754 2478 1888 2542 ulla
1929 2482 2069 2543 tam
2123 2478 2464 2543 familiaris
2513 2481 2613 2543 est

268 2567 635 2632 infelicibus
678 2568 892 2651 patria
938 2589 1133 2653 quam
1169 2567 1449 2633 solitudo
1489 2570 1558 2632 et
1594 2570 1802 2633 status
1839 2567 2077 2652 prioris
2116 2567 2376 2632 oblivio.
2437 2564 2613 2631 Nam

271 2792 441 2848 Sinne
476 2812 581 2848 nur
608 2812 668 2865 p.
696 2795 957 2865 inponere
984 2797 1056 2865 (1.
1087 2797 1177 2864 29)
1204 2795 1386 2850 neben
1495 2826 1564 2835 —
1601 2796 1674 2849 in
1712 2836 1724 2848 .
1757 2836 1768 2848 .
1806 2795 2088 2860 fortuna
2133 2786 2238 2848 viie
2275 2795 2338 2847 in
2373 2796 2613 2863 eorpori-

268 2866 499 2936 eriyere,
534 2870 765 2921 sternere
808 2866 924 2921 und
969 2883 1180 2921 amnem
1218 2871 1388 2936 ponte
1496 2867 1596 2921 bus
1632 2866 1812 2935 aeyris
1839 2870 1887 2919 6.
1911 2870 1959 2918 3.
1983 2869 2067 2918 11.
2089 2893 2156 2903 —
2186 2864 2442 2934 liquere
2476 2881 2613 2920 non

268 2937 509 3007 iunyere.
1484 2941 1788 3006 poterat,
1826 2935 1906 2989 sie
1943 2934 2306 2989 vermochten
2340 2934 2500 2990 nicht
2545 2954 2613 2989 zu

341 3011 389 3059 5.
430 3007 509 3061 ab
546 3008 705 3062 urbe
740 3007 793 3062 d.
831 3006 867 3061 i.
904 3024 1016 3063 von
1052 3007 1384 3077 Persepolis.
1495 3006 1884 3074 entecheiden,
1929 3006 2049 3061 sich
2093 3003 2219 3059 klar
2255 3023 2321 3060 zu
2356 3004 2610 3061 macheu.

265 3076 404 3132 Man
440 3076 693 3133 ver-miset
727 3078 851 3132 hier
896 3078 987 3133 die
1033 3079 1241 3134 nabere
1279 3078 1384 3132 Be·-

268 3149 596 3218 zeichnung.
634 3179 701 3189 —
747 3150 925 3204 iuter
1023 3166 1193 3204 auca
1237 3167 1279 3203 s.
1318 3149 1383 3205 E.

269 3224 356 3273 48.
399 3251 464 3273 —-.
502 3222 587 3275 ad
612 3238 701 3275 1111
727 3221 944 3288 milia,
1032 3220 1143 3277 iod.
1164 3239 1217 3275 u.
1237 3220 1381 3275 Just.

270 3291 453 3360 geben
479 3290 601 3345 eine
630 3292 923 3361 geringere
953 3290 1093 3346 Zahl
1120 3292 1269 3373 (800)
1290 3308 1381 3347 an.

270 3362 345 3417 Es
364 3377 555 3416 waren
572 3360 973 3430 Kleinasiaten‚
993 3361 1201 3417 bereits
1219 3366 1385 3419 unter

269 3431 379 3488 den
427 3432 926 3501 vorhergehenden
978 3432 1234 3503 Konigen
1286 3450 1383 3503 ge·

268 3502 478 3573 fangen
496 3518 845 3572 genommen.
864 3534 933 3544 —
950 3506 1142 3560 vario
1168 3506 1382 3573 suppl.

268 3575 451 3629 modo
496 3576 587 3629 fur
629 3575 805 3629 ‘om-iis
860 3576 1256 3645 suppliciorum
1298 3592 1384 3645 ye-

268 3646 507 3769 ἷῑὶθῖξόαε.
527 3644 641 3700 Der
653 3646 945 3701 Ausdruck
958 3644 1037 3700 ist
1049 3646 1385 3717 ungewohn-

317 3734 348 3771 c
390 3758 403 3771 .

284 3857 286 3859 q
343 3794 389 3841 6.
428 3788 538 3841 sui
565 3788 966 3855 ludibrium,
996 3787 1147 3843 wohl
1165 3787 1387 3858 subJek-

267 3856 378 3924 tiv,
438 3857 847 3929 bestandige
901 3857 1386 3929 Augenweide‚

270 3928 628 3999 Gegenstand
663 3929 763 3984 der
778 3929 1161 3999 Verhohnung
1177 3931 1267 3985 fur
1284 3929 1386 3998 sie,

269 4000 381 4070 vgl.
413 4005 463 4056 6.
493 4006 542 4056 9.
572 4005 659 4056 28.
680 4031 747 4039 —
766 4007 827 4057 et
862 4000 1201 4070 adversativ,
1224 4001 1389 4072 ‘jetzt

270 4072 418 4138 aber,
458 4070 553 4126 da'
596 4074 705 4125 etc.

342 4147 390 4196 ⁷.
446 4143 839 4212 simulacra,
909 4143 1387 4212 ‘Gespenster,

269 4209 601 4268 Gebilde'.
641 4244 708 4254 —
757 4229 1169 4281 commovere,
1214 4212 1387 4269 naml.

271 4283 680 4340 Macedonibus.
703 4285 1264 4355 *profuderann
1295 4282 1389 4339 bei

269 4353 450 4409 ihrem
482 4354 804 4424 Auftreten,
849 4355 1002 4411 ihrer
1045 4355 1388 4425 Ansprache.

1566 3085 1616 3134 8.
1653 3078 1896 3145 Iovem,
1926 3075 2084 3132 star-k
2111 3078 2323 3142 betont‚
2353 3075 2479 3131 dah.
2511 3092 2613 3131 vor

1492 3149 2034 3218 illi—aperuisse
2052 3148 2291 3203 oeulos.
2311 3147 2612 3202 Freifiber-

1458 3219 1657 3275 'setzte
1713 3218 1811 3275 sei
1857 3237 1972 3275 aus
2019 3218 2274 3274 seinem
2331 3217 2611 3273 Schla-fe

1492 3290 1818 3359 erwacht3
1855 3290 1971 3359 vgl.
2010 3289 2120 3345 Cic.
2158 3307 2213 3359 p.
2252 3288 2370 3344 Mil.
2409 3294 2478 3345 85
2515 3290 2610 3345 Io-

1488 3379 1606 3418 vem
1653 3364 1729 3417 ad
1782 3378 1902 3417 eum
1942 3362 2291 3430 puniendum
2335 3363 2614 3430 aperuisse

1490 3434 1688 3489 oeulos.
1725 3462 1797 3473 ——
1834 3448 2046 3488 omues
2085 3473 2098 3487 .
2139 3474 2151 3486 .
2188 3434 2610 3488 videbantur.

1492 3504 1754 3559 Gemeint
1781 3504 1905 3559 sind
1923 3502 2209 3558 natflrlich
2235 3503 2326 3559 die
2345 3504 2605 3559 Zuhorer.

1493 3606 1562 3617 --
1597 3576 1727 3631 duo
1761 3575 2014 3631 stadia.
2085 3575 2214 3645 vgl.
2253 3575 2409 3629 Caes.
2447 3574 2502 3629 b.
2543 3574 2608 3631 G.

1496 3652 1544 3700 1.
1593 3652 1678 3699 21.
1729 3651 1757 3698 1
1806 3646 2104 3700 consedisse
2147 3647 2306 3701 mi‘lia
2340 3662 2612 3716 passuum

1491 3736 1595 3773 vm
1631 3717 1701 3771 ab
1738 3717 1916 3786 ipsius
1951 3716 2163 3772 easta-ia

1569 3793 1652 3842 10.
1692 3788 1790 3854 Ii,
1825 3788 1957 3857 qui.
2016 3786 2090 3843 So
2127 3786 2218 3842 bei
2255 3788 2354 3842 der
2389 3793 2442 3843 2.
2480 3786 2610 3841 Per-

1493 3875 1594 3913 son
1637 3874 1757 3925 vos,
1791 3860 2026 3925 iudices,
2062 3858 2111 3912 ii
2145 3860 2242 3928 qui
2293 3856 2406 3913 Cic.
2446 3858 2609 3913 Tusc.

1496 3936 1543 3985 1.
1583 3935 1669 3985 98.
1708 3959 1775 3969 -
1811 3935 1884 3985 ut
1918 3946 2095 3984 uum:
2131 3934 2225 3984 est
2261 3946 2302 3985 s.
2344 3934 2392 3982 3.
2425 3932 2508 3981 15.
2541 3958 2609 3969 —

1490 4016 1661 4071 supp
1673 4001 1838 4056 licia
1849 4041 1864 4068 ,
1882 3999 2292 4067 metonymisch
2305 3999 2394 4053 fur
2409 4004 2611 4055 trunca

1494 4088 1586 4127 eor
1627 4088 1741 4127 ora.

1570 4088 1654 4199 Izi.
1690 4143 1942 4212 patria.
1981 4140 2140 4196 sinn:
2179 4140 2442 4211 nirgends
2478 4140 2606 4194 suh-

1493 4214 1588 4269 len
1625 4213 1705 4269 sie
1743 4214 1864 4269 sich
1901 4228 1963 4269 so
1998 4210 2273 4267 heimisch
2307 4212 2422 4265 und
2457 4211 2611 4266 wohl

1494 4285 1580 4339 als
1627 4284 1686 4339 in
1731 4286 1830 4339 der
1875 4281 2250 4351 Einsamkeit,
2296 4298 2384 4337 wo
2431 4282 2510 4337 sie
2550 4322 2562 4335 .
2595 4324 2606 4336 .

1494 4372 1811 4425 vergessen.
1841 4385 1908 4395 —
1937 4354 2235 4410 solitudo
2262 4358 2322 4409 et
2357 4354 2610 4410 oblivio

2652 2054 2720 2103 10

2652 2411 2716 2460 11
