3069 4749
402 86 491 152 26
1301 85 1367 153 Q
1408 84 1629 141 OURTI
1663 84 1839 141 RUFI

293 270 361 319 23
399 250 598 315 ceteri
652 248 984 332 proximos
1043 250 1299 313 montes
1354 252 1852 332 occupaverunt.
1951 247 2314 331 Praerupta
2375 271 2571 333 rupes
2637 256 2760 337 est,

400 360 530 423 qua
566 339 820 421 spectat
856 335 1285 401 occidentem.
1322 336 1575 419 eadem,
1611 358 1742 421 qua
1771 336 1985 419 vergit
2013 335 2096 400 ad
2125 337 2472 423 orientem,
2507 339 2756 407 leniore

398 426 727 491 submissa
766 423 1065 511 fastigio
1137 424 1363 490 multis
1436 425 1780 490 arboribus
1845 424 2062 489 obsita
2130 446 2480 527 perennem
2554 427 2756 495 habet

397 514 675 598 fontem,
734 534 811 578 ex
869 534 997 597 quo
1052 513 1239 597 large
1292 534 1499 598 aquae
1555 516 1843 579 manant.
1933 510 2254 579 Circuitus
2310 515 2448 581 eius
2493 534 2646 582 xxx
2689 520 2758 583 et

292 624 364 673 24
400 603 526 669 duo
574 601 787 668 stadia
833 601 1313 685 conprehendit.
1403 600 1483 665 In
1526 601 1770 667 vertice
1816 601 2124 667 herbidus
2172 622 2464 687 campus:
2516 604 2587 669 in
2630 604 2756 671 hoc

402 691 890 757 multitudinem
919 691 1225 755 inbellem
1254 689 1586 756 considere
1623 690 1870 755 iubent.
1940 689 2098 774 Ipsi,
2135 711 2264 775 qua
2290 713 2488 775 rupes
2515 692 2756 778 deerat,

293 802 361 851 25
400 781 707 845 arborum
743 782 1009 844 truncos
1048 783 1116 844 et
1152 801 1309 843 saxa
1347 778 1808 844 obmoliuntur.
1881 797 2012 843 xm
2039 778 2226 844 milia
2261 784 2518 845 armata
2553 786 2756 865 erant,

400 869 471 934 in
528 890 804 953 quorum
860 868 1197 934 obsidione
1243 865 1509 933 Cratero
1567 867 1800 933 relicto
1855 868 1994 951 ipse
2051 864 2517 933 Satibarzanen
2571 871 2756 955 sequi

398 957 690 1023 festinat.
778 954 871 1023 Et
926 956 1076 1058 quia
1128 956 1390 1040 longius
1436 956 1664 1021 abesse
1713 978 1860 1022 eum
1907 960 2325 1041 cognoverat,
2379 957 2464 1022 ad
2509 978 2753 1043 expug·
2774 959 2864 1025 23
3051 968 3069 1029 2

292 1068 366 1117 26
402 1045 656 1111 nandos
696 1066 833 1128 808,
880 1046 993 1130 qui
1030 1044 1205 1109 edita
1241 1045 1567 1110 montium
1604 1049 2110 1128 occupaverant,
2143 1044 2332 1113 redit.
2405 1045 2503 1112 Ac
2539 1047 2750 1129 primo

402 1134 743 1218 repurgari
789 1133 999 1217 iubet,
1044 1132 1355 1218 quidquid
1401 1132 1658 1219 ingredi
1700 1139 1995 1217 possent.
2041 1132 2300 1217 deinde,
2347 1138 2422 1199 ut
2467 1156 2754 1201 oecurre-

402 1223 565 1288 bant
607 1222 821 1287 inviae
859 1226 1037 1288 cotes
1082 1225 1600 1307 praeruptaeque
1645 1243 1866 1306 rupes,
1910 1222 2144 1287 inritus
2191 1222 2380 1287 labor
2417 1224 2754 1289 videbatur

291 1334 363 1383 27
403 1312 705 1377 obstante
748 1313 1003 1376 natura.
1092 1309 1243 1393 Ille,
1288 1313 1364 1376 ut
1409 1315 1553 1375 erat
1595 1310 1799 1375 animi
1843 1332 2096 1395 semper
2141 1310 2540 1377 obluctantis
2585 1311 2754 1377 diffi-

404 1400 787 1482 cultatibus,
852 1421 999 1464 cum
1056 1402 1123 1463 et
1184 1399 1495 1483 progredi
1560 1399 1832 1463 arduum
1889 1402 1954 1464 et
2016 1400 2254 1465 reverti
2317 1400 2755 1483 periculosum

398 1493 597 1571 esset,
652 1487 961 1553 versabat
1018 1508 1086 1551 se
1142 1488 1223 1551 ad
1280 1508 1502 1553 omnes
1559 1488 1994 1572 cogitationes
2002 1538 2022 1571 ,
2077 1487 2254 1553 aliud
2307 1492 2506 1573 atque
2557 1488 2754 1573 aliud,

397 1578 495 1642 ita
547 1580 622 1641 ut
674 1576 817 1641 fieri
871 1575 1067 1660 solet,
1134 1576 1249 1640 ubi
1301 1576 1517 1660 prima
1573 1598 1865 1661 quaeque
1925 1576 2334 1661 damn-amne,
2397 1577 2758 1643 subiciente

398 1666 636 1731 animo.
724 1663 1123 1746 Haesitanti,
1178 1665 1353 1750 quod
1398 1666 1570 1731 ratio
1615 1687 1747 1731 808
1800 1665 2042 1749 potuit,
2094 1665 2362 1730 fortuna
2406 1665 2753 1731 eonsilium

287 1776 360 1826 28
398 1753 938 1819 subministravit.
1012 1752 1379 1819 Vehemens
1424 1753 1724 1819 favonius
1763 1756 1928 1837 erat,
1975 1757 2042 1820 et
2085 1754 2362 1819 multam
2407 1754 2756 1820 materiam

398 1844 720 1909 ceciderat
756 1841 976 1926 miles,
1014 1841 1266 1906 aditum
1301 1863 1419 1926 per
1456 1864 1614 1909 saxa
1649 1843 1938 1909 molitus.
2009 1841 2189 1909 Haec
2225 1864 2468 1926 vapore
2503 1842 2755 1908 torrida

291 1952 360 2002 29
398 1931 531 1998 iam
586 1932 925 1997 inarserat
1014 1929 1193 2015 Ergo
1250 1932 1475 2015 adgeri
1530 1932 1695 1997 alias
1753 1932 2017 1997 arbores
2077 1932 2261 1996 iubet
2305 1935 2370 1996 et
2424 1931 2566 2016 igni
2611 1932 2753 1997 dari

398 2020 733 2086 alimenta:
802 2020 1224 2104 celeriterque
1288 2019 1625 2103 stipitibus
1691 2020 2038 2086 cumulatis
2101 2019 2444 2104 fastigium
2508 2020 2751 2085 montis

290 2131 363 2179 30
399 2113 749 2193 aequatum
796 2111 913 2173 est.
986 2106 1169 2173 Tunc
1214 2108 1495 2193 undique
1543 2108 1717 2193 ignis
1763 2109 2038 2174 iniectus
2085 2112 2314 2174 cuncta
2359 2108 2753 2193 conprehen-

399 2198 512 2263 dit.
598 2197 964 2262 Flammam
1017 2197 1088 2260 in
1133 2218 1249 2261 ora
1302 2196 1595 2261 hostium
1639 2202 1870 2263 ventus
1923 2197 2201 2280 ferebat,
2256 2196 2474 2263 fumus
2521 2198 2752 2282 ingens

289 2307 358 2357 31
397 2286 576 2351 velut
638 2283 918 2371 quadam
978 2284 1149 2349 nube
1204 2284 1636 2349 absconderat
1687 2284 1958 2350 caelum.
2059 2283 2394 2351 Sonabant
2454 2286 2752 2352 incendio

400 2374 628 2458 silvae,
676 2376 871 2456 atque
918 2394 995 2436 ea
1042 2393 1321 2456 quoque,
1368 2394 1531 2456 quae
1577 2394 1712 2438 non
1755 2372 2133 2438 incenderat
2172 2373 2388 2458 miles,
2436 2379 2752 2460 concepto
3059 2377 3069 2412 ¹

394 2464 547 2547 igne
601 2462 899 2547 proxima
954 2481 1245 2545 quaeque
1300 2459 1674 2527 adurebant.
1765 2459 2039 2526 Barbari
2095 2463 2557 2554 suppliciorum
2603 2464 2753 2529 ulti-

469 2695 553 2744 23.
602 2702 800 2756 rupes
844 2692 968 2753 est,
1017 2687 1189 2744 naml.
1234 2688 1317 2741 ibi
1360 2686 1414 2742 (1.
1461 2687 1520 2743 11.

397 2761 463 2816 in
479 2760 757 2843 proximis
780 2729 1075 2814 montibus.
1110 2758 1227 2812 Das
1254 2758 1520 2854 folgende

396 2849 511 2903 qua
569 2829 646 2887 ist
697 2828 1244 2925 restringirend.
1310 2828 1519 2884 ‘indess

394 2921 502 2958 nm·
536 2919 610 2958 an
645 2901 745 2956 (181·
772 2900 952 2969 Seite,
987 2917 1077 2956 wo
1113 2900 1244 2954 8118.’
1272 2931 1338 2940 -
1366 2900 1520 2955 sub·

397 2975 627 3039 missa,
664 2989 707 3028 8.
745 2977 795 3026 4.
827 2977 922 3039 193
960 2970 1083 3026 Liv.
1121 2975 1208 3025 27.
1248 2976 1332 3025 18.
1370 2977 1421 3026 6.
1451 3001 1521 3011 ·-

396 3057 782 3170 011.ἴὲἾᾲ
812 3044 1066 3168 {235⁶
1068 3040 1382 3167 2335&
1400 3041 1523 3182 52⁶1?

400 3192 449 3243 6.
492 3183 1147 3240 ιεωιᾶαεείηιωιιε.
1188 3187 1271 3238 10.
1310 3188 1396 3237 24.

468 3261 557 3310 25.
639 3257 713 3310 in

396 3327 583 3382 Ueber
627 3325 737 3380 den
779 3324 1013 3380 Ablativ
1060 3341 1103 3378 8.
1152 3323 1299 3380 Ε181.
1339 3322 1392 3381 S.
1430 3329 1519 3393 22,

394 3398 559 3454 Note.
580 3428 646 3437 —
669 3396 759 3449 Et
794 3396 972 3464 quia.
1018 3395 1101 3448 Et
1128 3394 1251 3448 hier
1281 3394 1519 3449 adver-

398 3467 596 3525 sativ.
671 3465 799 3536 vgl.
839 3471 889 3520 5.
928 3471 1023 3533 31,
1063 3471 1111 3521 7.
1149 3472 1201 3520 2.
1237 3471 1336 3532 28,
1376 3471 1426 3519 7.
1466 3471 1519 3518 4.

401 3546 459 3606 7;
507 3545 557 3594 9.
606 3543 655 3593 2.
707 3543 791 3592 10.
838 3567 909 3578 -
964 3537 1149 3592 edita
1204 3537 1525 3592 montium

399 3611 452 3666 d.
490 3611 545 3666 h.
586 3608 679 3663 die
714 3613 747 3674 ὅ
783 3612 852 3662 28
890 3627 944 3662 11.
982 3613 1052 3662 24
1086 3606 1525 3663 beschriebenen

397 3668 806 3736 Felsenhohen.

471 3759 556 3808 26.
612 3750 949 3820 quidquid
1003 3766 1079 3804 80.
1138 3750 1340 3818 spati&
1403 3749 1518 3819 vgl.

397 3823 617 3893 inm-edi
642 3823 808 3890 viam,
840 3823 960 3876 iter.
990 3851 1057 3860 —
1086 3821 1523 3876 occurrebant

398 3894 506 3950 wie
540 3892 661 3950 Liv.
699 3899 787 3948 36.
824 3896 911 3946 25.
950 3897 983 3946 5
1027 3893 1093 3946 in
1388 3891 1522 3946 loeis

398 3967 537 4021 8270oe
573 3964 904 4020 occurrebat.
927 3962 1375 4017 -videbatur
1410 3961 1465 4015 d.
1484 3961 1523 4015 i.

404 4035 624 4091 ‘erwies
652 4035 796 4090 sich’
828 4029 1083 4104 (ἐφάνη),
1116 4033 1387 4088 zunaohst
1412 4031 1524 4086 den

400 4105 582 4162 damit
624 4102 1323 4175 Beauftragten.Hie1-zu
1371 4103 1525 4158 steht

401 4177 495 4231 ille
521 4181 552 4241 ὅ
568 4181 635 4231 27
665 4176 727 4230 18
744 4175 1043 4247 schaz-fem,
1069 4173 1523 4245 asyndetiaehem

406 4244 767 4313 Gegensatze.

792 3270 1069 3324 quorum
1151 3254 1517 3309 obsidione.

1698 2694 1785 2744 27.
1792 2689 2020 2758 prima
2043 2706 2367 2761 quaeque,
2383 2690 2496 2746 die
2521 2693 2755 2747 ersten

1628 2759 2754 2832 Gedanken,urspr1·inglichen

1629 2829 1857 2886 Plane.
1929 2803 2058 2888 Das
2085 2831 2378 2888 Scheitern
2424 2832 2520 2887 (188
2565 2835 2754 2888 ersten

1628 2899 1936 2972 Versuchs,
1980 2903 2162 2958 meint
2196 2904 2296 2958 der
2331 2902 2752 2970 Schrifteteller‚

1628 2974 1826 3026 macht
1860 2945 1952 3027 die
1989 2973 2292 3028 Menschen
2336 2975 2397 3027 in
2438 2973 2536 3026 der
2575 2947 2754 3043 Regel

1629 3043 1862 3111 zaghaft
1893 3043 2009 3098 und
2035 3044 2312 3098 unsicher.
2368 3042 2644 3096 Aehnlich
2675 3043 2754 3098 1811

1627 3112 1729 3166 der
1765 3111 2035 3166 Gedanke
2070 3119 2121 3169 4.
2164 3119 2212 3166 1.
2251 3119 2338 3167 29.

1697 3188 1784 3238 28.
1813 3183 2116 3248 molitu&
2145 3183 2236 3237 die
2255 3181 2524 3236 Soldaten
2550 3181 2750 3237 hatten
2819 3222 2825 3227 ·

1629 3252 1750 3308 sich
1795 3252 1965 3308 8018111
2017 3223 2193 3307 dui-ch
2245 3251 2336 3306 die
2378 3253 2565 3306 inviae
2608 3256 2752 3307 cotes

1627 3327 1682 3392 (ἓ
1732 3325 1825 3393 26)
1871 3323 2032 3379 Bahn
2075 3341 2144 3378 zu
2196 3323 2440 3378 111-881188
2484 3324 2747 3392 3811118811.

1628 3425 1699 3436 -
1762 3396 2030 3451 torrida
2109 3396 2255 3450 iam.
2367 3391 2472 3449 Die
2539 3393 2749 3451 natm-l.

1630 3466 2042 3536 Wortstellung
2067 3470 2218 3521 ware
2252 3465 2367 3520 iam
2401 3481 2604 3534 vapore
2639 3469 2749 3520 tor-

1631 3537 1780 3592 vida.
1869 3536 1946 3591 Es
2009 3553 2127 3591 war
2187 3534 2343 3592 (11888
2395 3535 2580 3592 Massa
2639 3552 2752 3592 von

1630 3607 1774 3662 Holz
1827 3623 1969 3677 ganz
2023 3606 2260 3678 zufallig
2311 3606 2374 3662 18
2421 3606 2607 3663 Brand
2655 3624 2751 3676 38-

1629 3678 1855 3746 18111188,
1910 3678 2072 3734 datin
2123 3625 2396 3734 erkannte
2451 3695 2584 3732 man
2634 3695 2754 3732 nun

1629 3748 1834 3876 eng„
1853 3748 2186 3820 Fingerzeig
2246 3749 2346 3804 der
2409 3747 2753 3805 88111οέ8818-

1628 3837 1787 3946 g31.
1843 3897 2158 3960 concepto
2211 3892 2390 3961 igme,
2449 3892 2566 3946 bez.
2629 3889 2752 3946 nich

1632 3961 1735 4016 auf
1764 3962 1866 4017 das
1905 3961 2012 4032 obj
2017 3961 2132 4019 ekt.
2195 3963 2262 4016 In
2297 3963 2484 4032 Bezug
2519 3959 2621 4016 auf
2651 3960 2752 4016 das

1633 4031 1874 4102 Subjekt
1907 4035 2118 4088 miisste
2165 4049 2224 4087 es
2271 4023 2500 4100 diffuso,
2542 4047 2752 4101 propa-

1589 4163 1594 4166 ,
1629 4109 1759 4173 qato
1803 4105 1931 4174 iane
1974 4103 2318 4160 11818888-
2359 4105 2752 4158 intermore-

1629 4179 1833 4230 retur.
1891 4175 2080 4230 Schon
2094 4174 2214 4231 Liv.
2235 4192 2288 4230 11.
2313 4173 2428 4230 Cic.
2465 4173 2756 4228 brauchen

1629 4245 1731 4300 das
1768 4247 1934 4302 Wort
1966 4244 2218 4301 bildlich.
