3069 4749
204 1096 211 1103 ἢ
260 1021 326 1070 17
363 1002 594 1087 lingua
626 1001 830 1086 tigrin
874 1002 1187 1087 sagittam
1224 1002 1576 1086 appeUant.
1641 999 1856 1087 Igitur
1897 1000 2093 1085 pedes
2138 1000 2319 1067 velut
2355 1001 2594 1066 divisus
2641 1001 2712 1067 in
2734 1006 2826 1073 38

262 1196 327 1247 18
365 1200 557 1265 aegre
614 1180 694 1243 ad
751 1179 967 1262 ipsum
1014 1180 1271 1244 alveum
1321 1182 1638 1265 penetrat.

257 2264 324 2315 21

365 130 497 195 144
1268 131 1333 194 Q.
1372 131 1594 183 CUR-TI
1627 131 1803 182 num

364 292 706 373 effuderat,
752 292 1139 357 obscurante
1186 291 1400 357 lucem
1444 291 1830 375 insidiarum
1875 292 2070 355 metu·
2099 290 2420 355 substitit:
2480 290 2714 357 deinde

364 385 439 445 ut
502 380 940 465 speculatores
1003 381 1343 464 praemissi
1415 383 1562 445 tuta
1624 380 1846 446 omnia
1906 380 2400 464 nuntiaverunt,
2472 402 2715 465 paucos

364 469 653 554 equitum
702 469 783 534 ad
826 468 1275 553 temptandum
1319 469 1557 534 vadum
1603 468 1888 533 fluminis
1931 467 2300 552 praemisit,
2345 468 2526 534 cuius
2573 470 2716 535 alti-

362 559 521 623 tudo
567 558 780 643 primo
828 580 1083 623 summa
1129 577 1438 643 equorum
1483 562 1796 642 pectora,.
1836 578 1988 623 mox
2043 560 2120 622 ut
2173 557 2244 621 in
2291 557 2578 622 medium
2624 560 2715 625 al·

260 665 327 730 16
366 669 557 712 veum
601 651 866 712 ventum
914 650 1040 731 est,
1094 648 1375 712 cervices
1422 668 1676 732 quoque
1731 646 2072 731 aequabat.
2162 643 2300 711 Nec
2347 668 2501 711 sane
2548 648 2714 713 alius

366 737 447 801 ad
478 735 761 801 Orientis
797 736 1062 821 plagam
1106 737 1245 799 tam
1291 736 1616 801 violentus
1662 734 2012 817 invehitur,
2058 734 2412 799 multorum
2466 738 2715 801 torren-

361 825 531 890 tium
564 845 699 889 non
736 845 940 909 aquas
978 825 1217 908 solum,
1263 824 1375 889 sed
1422 824 1620 889 etiam
1665 845 1823 888 saxa
1869 844 2088 888 secum
2121 823 2410 891 trahens,
2482 822 2714 910 Itaque

366 936 405 979 a
442 913 789 997 celeritate,
824 935 955 998 qua
991 912 1233 995 defluit,
1268 912 1455 999 Tigri
1489 934 1729 977 nomen
1767 915 1870 977 est
1914 912 2216 991 inditum,
2262 912 2416 996 quia
2450 909 2712 978 Persica

364 1112 609 1157 cornua
652 1089 1048 1156 circumdato
1094 1090 1413 1176 equitatu,
1464 1090 1698 1177 levatis
1755 1110 1949 1174 super
1993 1092 2208 1173 capita
2255 1090 2484 1169 armis,
2539 1090 2714 1155 haud

1728 1176 1986 1243 Primus
2050 1178 2223 1243 inter
2283 1178 2536 1261 pedites
2600 1201 2716 1244 rex

365 1288 663 1353 egressus
710 1268 780 1331 in
814 1269 1024 1352 ripam
1062 1268 1301 1333 vadum
1338 1268 1657 1333 militibus
1705 1288 1923 1351 manu,
1966 1265 2222 1351 quando
2259 1288 2386 1331 vox
2428 1268 2715 1345 exaudiri

363 1379 499 1422 non
544 1360 822 1441 poterat,
868 1355 1168 1423 ostendit.
1240 1354 1379 1421 Sed·
1413 1355 1688 1441 gradum
1731 1356 1996 1421 firmare
2042 1354 2153 1420 vix
2196 1358 2519 1441 poterant,
2563 1377 2713 1421 cum

364 1445 556 1510 modo
614 1467 771 1511 saxa
832 1445 1084 1510 lubrica
1138 1446 1488 1530 vestigium
1548 1444 1876 1528 fallerent,
1941 1444 2136 1509 modo
2193 1444 2481 1528 rapidior
2536 1446 2710 1509 unda

260 1552 328 1601 19
366 1534 765 1600 subduceret.
851 1533 1245 1618 Praecipuus
1290 1536 1432 1599 erat
1475 1534 1666 1599 labor
1711 1554 1962 1617 eorum,
2023 1533 2134 1617 qui
2177 1532 2466 1599 humeris
2511 1555 2712 1599 onera

362 1625 742 1706 portabant:
797 1623 1037 1706 quippe
1084 1644 1231 1687 cum
1278 1622 1662 1707 semetipsos
1714 1642 1939 1707 regere
1984 1643 2118 1687 non
2161 1626 2450 1707 possent,
2492 1622 2563 1689 in
2605 1644 2709 1687 ra-

363 1711 551 1796 pidos
606 1711 899 1797 gurgites
955 1711 1359 1777 incommodo
1416 1732 1612 1776 onere
1667 1711 2156 1795 auferebantur,
2216 1714 2310 1796 et,
2374 1712 2530 1776 dum
2593 1733 2712 1777 sua

366 1800 635 1886 quisque
680 1800 892 1885 spolia
937 1801 1245 1885 consequi
1290 1800 1534 1884 studet,
1589 1802 1799 1866 maior
1851 1799 2025 1865 inter
2079 1800 2262 1885 ipsos
2316 1822 2514 1884 quam
2562 1822 2710 1866 cum

366 1892 540 1955 amni
586 1894 733 1955 orta
776 1889 1045 1956 luctatio
1092 1892 1237 1957 estz·
1257 1889 1624 1974 cumulique
1660 1889 2058 1954 sarcinarum
2094 1888 2341 1972 passim
2377 1888 2710 1954 fluitantes

259 1999 328 2049 20
363 1982 706 2064 plerosque
750 1979 1181 2062 perculerant.
1268 1978 1407 2043 Rex
1460 2000 1724 2044 monere
1733 2027 1752 2061 ,
1805 1981 1884 2041 ut
1936 1978 2096 2042 satis
2160 1976 2476 2041 haberent
2533 2000 2712 2043 arma

363 2070 667 2151 retinere,
731 2070 947 2132 cetera
1001 2088 1070 2131 se
1133 2066 1553 2132 redditurum.
1645 2065 1771 2131 Sed
1833 2086 2042 2149 neque
2099 2065 2442 2129 consilium
2501 2088 2714 2151 neque

364 2156 708 2241 imperium
780 2154 986 2238 accipi
1056 2157 1349 2238 poterat:
1422 2155 1844 2239 obstrepebat
1912 2152 2065 2219 hinc
2138 2156 2348 2216 metus
2364 2202 2382 2231 ,
2455 2157 2716 2237 praeter

363 2245 537 2309 hunc
597 2242 875 2307 invicem
939 2242 1327 2307 luctantium
1392 2246 1656 2307 mutuus
1720 2242 1979 2307 clamor.
2069 2240 2384 2324 Tandem,
2431 2263 2560 2326 qua
2628 2242 2714 2306 le·-

364 2334 545 2399 niore
607 2333 823 2397 tractu
888 2330 1119 2402 amnis·
1160 2330 1371 2414 aperit
1431 2330 1698 2415 vadum,
1771 2351 2116 2412 emersere,
2181 2350 2300 2395 nec
2365 2332 2712 2416 quicquam

440 2529 524 2577 15.
580 2523 943 2589 effuderat.
1010 2520 1255 2576 Ahnlich
1296 2528 1377 2578 12.
1418 2527 1487 2576 20

365 2611 532 2666 quam
568 2594 897 2662 (caliginem)
934 2594 1243 2661 effuderamt
1267 2599 1485 2650 montes.

441 2671 525 2720 16.
582 2665 667 2720 ad
706 2663 1011 2720 Orientis
1046 2665 1169 2734 pla
1222 2682 1323 2720 am
1359 2664 1409 2720 d.
1448 2663 1487 2720 i.

369 2735 433 2790 in
478 2736 587 2790 den
636 2734 915 2791 ostlichen
961 2736 1155 2805 Gegen
1196 2753 1281 2791 en.
1357 2735 1487 2806 Vgl.

372 2813 455 2865 10.
498 2813 543 2861 1.
587 2812 651 2862 17
698 2808 847 2862 omni
893 2808 969 2862 ad
1014 2809 1275 2862 orientem
1320 2809 1487 2862 mari·

366 2881 505 2934 tima
531 2879 748 2948 reqione
766 2878 880 2932 und
900 2884 949 2932 6.
966 2884 1017 2932 2.
1038 2885 1101 2932 13
1122 2885 1275 2934 recta
1294 2879 1486 2950 playa.

368 2979 436 2990 -
474 2949 849 3015 invehitur,
876 2948 1161 3014 “fliesst
1198 2949 1489 3016 einher’,

366 3020 477 3075 wie
513 3027 563 3076 9.
602 3025 653 3075 9.
692 3025 742 3074 9.
807 3021 934 3090 Vgl.
974 3017 1209 3090 inyredi,
1248 3019 1491 3084 ‘einher-

366 3090 610 3147 ziehen'.

448 3168 532 3216 17.
597 3161 857 3231 Iyitur,
904 3162 1014 3216 den
1047 3162 1239 3216 Faden
1282 3160 1491 3217 wieder

373 3231 764 3288 aufnehmend.
805 3263 873 3273 —-
925 3233 1190 3288 divisus
1233 3233 1306 3287 in
1350 3249 1491 3288 cor·

372 3321 538 3371 παας
584 3302 747 3358 Sinn:
793 3302 1226 3358 aufmarschiert
1268 3303 1327 3356 in
1362 3303 1493 3357 Fla-

416 3373 721 3443 elstellung
774 3374 825 3428 d.
874 3373 912 3430 i.
966 3374 1027 3428 in
1070 3373 1494 3443 regelmal'siger

376 3393 918 3514 {chlachtordnungz
956 3445 1084 3514 Vgl.
1113 3445 1287 3498 unten
1326 3450 1410 3500 12.
1440 3450 1490 3498 3.

376 3547 447 3557 —
509 3517 691 3572 haud
752 3531 971 3584 aeqre,
1032 3515 1175 3570 infol
1216 3531 1247 3569 e
1312 3514 1496 3570 dieser

378 3585 849 3656 Vorkehrungen,
899 3585 1091 3640 indem
1126 3587 1182 3640 al
1209 3603 1267 3640 es
1303 3586 1363 3641 in
1398 3603 1495 3656 ge-

376 3659 739 3713 schlossenen
782 3655 1047 3712 Gliedern
1094 3659 1332 3727 vorging
1378 3656 1495 3711 und.

376 3728 471 3784 die
496 3727 746 3784 Reiterei
764 3727 864 3782 das
884 3728 1155 3784 Fussvolk
1174 3727 1491 3784 einschloss.

375 3801 530 3856 Aber
576 3797 866 3854 vielleicht
909 3798 987 3856 ist
1030 3801 1183 3855 haud
1236 3816 1379 3870 ganz
1426 3817 1495 3852 zu

377 3871 657 3926 streichen
675 3871 1072 3942 (?).—ipsum
1108 3872 1387 3934 alveum,
1414 3869 1495 3925 im

378 3941 693 4012 Gegensatz
729 3961 799 3996 zu
836 3942 945 3996 den
990 3940 1297 3996 seichteren
1335 3938 1493 3994 Ufer-

377 4012 643 4082 findam,
692 4029 732 4066 s.
772 4018 805 4078 ἓ
841 4017 909 4066 21
952 4013 1134 4081 aperit
1166 4013 1384 4067 vadum.
1424 4041 1491 4051 —-

376 4083 863 4209 interbpegitee
909 4082 1069 4208 ngcht
1114 4083 1220 4207 ηιξ
1255 4099 1495 4187 cyre-esus

380 4169 684 4278 3¹32&ssss
711 4169 1076 4281 331133¹²wssffi
1087 4169 1495 4279 ἔξιθξᾜῖἑῖἷὲ

384 4292 747 4363 αιιεᾶτιῖοΙῐθη,
775 4297 861 4350 als
888 4296 1011 4352 dass
1042 4297 1143 4352 der
1156 4294 1347 4365 Kbnig
1374 4295 1495 4350 sich

1594 2522 1657 2576 in
1708 2522 1810 2576 der
1852 2521 2020 2577 Mitte
2069 2522 2221 2576 beim
2270 2522 2572 2578 Fussvolke
2621 2523 2716 2578 be-

1595 2593 1748 2648 fand.
1821 2592 2312 2648 Wahrscheinlich
2375 2595 2718 2649 fiberschritt

1596 2665 1754 2720 Alex.
1802 2665 1910 2719 den
1956 2663 2141 2734 Tigris
2191 2665 2338 2720 etwa
2395 2671 2460 2720 15
2507 2665 2718 2721 Meilen

1597 2736 1868 2791 eberhalb
1903 2734 2084 2790 Ninus
2127 2734 2394 2806 (Ninive).
2475 2777 2478 2780 >

1671 2829 1752 2881 18.
1808 2825 2088 2894 yradam
2131 2824 2443 2892 firmare,
2489 2824 2719 2879 festen

1596 2894 1756 2950 Fuss
1793 2896 2045 2950 fassen.
2119 2895 2186 2950 In
2231 2896 2510 2966 gleichem
2548 2893 2718 2950 Sinne

1597 2969 1726 3036 sagt
1751 2967 1946 3034 Vergil
1980 2969 2202 3034 firmare
2235 2968 2479 3036 veetiyia.
2511 2996 2579 3006 --
2617 2983 2718 3021 ve-

1597 3039 1748 3104 stiy.
1794 3039 2135 3104 fallerent.
2199 3025 2524 3092 Ubersetzee
2577 3037 2721 3091 ‘den

1599 3107 1992 3161 austretenden
2027 3105 2160 3160 Fuss
2199 3109 2271 3174 (7.
2313 3109 2366 3172 7)
2405 3107 2720 3176 ausgleiten

1597 3176 1905 3234 machten’.
1943 3163 2091 3231 Uber
2127 3177 2236 3231 den
2273 3177 2425 3247 Sing.
2464 3193 2508 3231 s.
2536 3177 2598 3232 E.
2633 3183 2720 3234 10.

1675 3271 1760 3320 19.
1801 3275 1954 3320 ‘swa
1997 3281 2024 3320 8
2081 3266 2222 3320 olia
2276 3265 2331 3334 d,
2367 3264 2403 3321 i.
2452 3265 2554 3320 das
2597 3265 2721 3320 ihm

1602 3335 1903 3403 Geraubte‚
1942 3355 1984 3392 s.
2072 3374 2084 3388 .
2123 3341 2209 3394 20.

1672 3432 1760 3481 20.
1824 3441 2028 3494 neque
2065 3467 2076 3480 .
2119 3429 2450 3495 .poterat.
2525 3425 2720 3482 Genau

1601 3513 1663 3551 so
1709 3495 1829 3552 Liv.
1876 3502 1962 3551 22.
2012 3501 2062 3550 ὅ.
2114 3502 2164 3550 3.
2213 3527 2282 3538 -
2327 3503 2562 3565 metue,
2609 3498 2720 3553 die

1600 3566 1980 3637 AngstruFe
2045 3567 2164 3621 der
2219 3567 2715 3635 Gefahrdetem

1600 3638 1714 3708 vgl.
1753 3640 2012 3707 obstrepit
2045 3639 2139 3693 ira
2175 3644 2226 3694 8.
2259 3644 2306 3694 1.
2335 3645 2422 3694 49.
2459 3669 2520 3680 —
2566 3641 2722 3696 hine

1605 3751 1617 3763 .
1649 3751 1660 3762 .
1693 3715 1971 3778 praeter
2005 3709 2204 3777 hunc,
2251 3708 2590 3765 auffallende
2631 3709 2719 3764 In-

1600 3779 1978 3845 konzinnit'at3
2027 3781 2143 3850 vgl.
2189 3779 2450 3852 dagegen
2495 3783 2624 3837 hinc
2663 3825 2675 3836 .
2704 3822 2718 3836 .

1601 3853 1733 3906 hinc
1784 3856 1836 3906 5.
1883 3857 1934 3906 4.
1981 3856 2067 3905 28.
2141 3851 2446 3908 Vielleicht
2499 3853 2576 3907 ist
2630 3852 2721 3906 ein

1605 3919 1892 3992 Satzglied
1921 3923 2024 3977 wie
2057 3924 2188 3978 hinc
2225 3925 2405 3978 amnis
2441 3923 2722 3993 ausgefal—

1601 3994 1711 4048 len.
1751 4025 1818 4034 -
1867 3995 2130 4049 clamor.
2187 3993 2316 4064 Vgl.
2357 4001 2405 4049 6.
2446 3999 2494 4048 9.
2536 4001 2568 4048 6
2612 3996 2720 4063 fre-

1601 4067 1768 4120 mitus
1803 4066 2224 4136 indiynantium
2259 4064 2612 4134 obstrepebat.

1674 4159 1762 4209 21.
1800 4160 2033 4210 tractu
2068 4153 2174 4208 wie
2211 4159 2261 4208 3.
2291 4158 2342 4208 4.
2381 4159 2444 4219 83
2481 4154 2720 4209 vadum

1604 4226 1912 4294 aperire,
1989 4225 2332 4279 ‘seichter
2402 4224 2705 4278 werden'

1605 4294 1751 4350 auch
1787 4303 1838 4350 8.
1878 4302 1962 4350 13.
2000 4300 2049 4350 8.
