3069 4749
818 139 1328 196 HISTORLARUM
1365 139 1798 195 ALEXANDRI
1834 139 1980 210 VIII,
2021 147 2069 196 1.

278 306 362 370 ab
419 303 746 369 Artabazo
802 302 1209 385 provinciam
1264 303 1401 366 eius
1458 300 1747 366 destinat
1800 299 1992 368 Clito,
2094 300 2222 368 Hic
2285 307 2452 388 erat,
2517 305 2630 388 qui
2665 314 2736 367 20

2503 139 2628 205 107

276 393 449 478 apud
497 391 847 456 Granicum
904 411 1162 454 amnem
1206 390 1380 455 nudo
1429 392 1643 474 capite
1688 411 1912 476 regem
1958 391 2376 457 dimicantem
2421 393 2628 478 clipeo

276 504 397 547 suo
449 481 618 545 texit
665 483 732 543 et
780 478 1099 544 Rhosacis
1148 501 1413 543 manum
1460 479 1664 564 capiti
1690 479 1866 564 regis
1905 480 2358 546 imminentem
2406 481 2625 566 gladio

276 569 665 654 amputavit,
728 571 917 632 vetus
981 566 1275 650 Philippi
1338 567 1523 632 miles
1591 567 1940 652 multisque
2004 569 2256 633 bellicis
2319 570 2627 652 operibus

274 659 507 723 clarus.
546 689 551 694 ·
605 655 976 740 Hellanice‚
1031 677 1196 740 quae
1251 654 1694 721 Alexandrum
1747 655 2158 741 educaverat,
2221 677 2408 723 soror
2471 659 2628 744 eius,
2665 669 2732 721 21

274 747 455 810 haud
516 765 699 810 secus
760 767 955 829 quam
1008 749 1220 809 mater
1278 767 1317 808 a
1370 765 1525 828 rege
1579 745 1994 828 diligebatur.

2085 743 2184 811 Ob
2230 746 2351 810 has
2396 763 2626 812 causas

276 834 747 899 validissimam
808 833 1067 916 imperii
1116 836 1372 917 partem
1435 833 1587 897 fidei
1652 833 1788 897 eius
1855 833 2226 919 tutelaeque
2281 836 2626 900 commisit.

276 921 545 1006 Iamque
589 923 715 987 iter
758 942 991 1006 parare
1037 922 1107 986 in
1150 924 1489 1005 posterum
1532 921 1748 986 iussus
1795 922 2095 986 sollemni
2135 926 2201 987 et
2235 925 2624 1006 tempestivo
2662 935 2730 985 22

280 1011 626 1076 adhibetur
671 1011 987 1076 convivio.
1076 1009 1157 1074 In
1214 1031 1341 1093 quo
1386 1031 1501 1075 rex
1549 1029 1697 1074 cum
1743 1010 1953 1075 multo
1999 1009 2384 1076 incaluisset
2429 1033 2628 1096 mero,

274 1099 658 1164 immodicus
723 1099 1105 1164 aestimator
1170 1100 1298 1182 sui,
1354 1099 1712 1182 celebrare,
1776 1119 1939 1183 quae
2005 1103 2329 1184 gesserat,
2393 1101 2625 1184 coepit,

357 1187 496 1253 avis
552 1187 749 1252 etiam
805 1209 1028 1252 eorum
1082 1187 1375 1271 auribus,
1440 1187 1554 1270 qui
1607 1187 1982 1252 sentiebant
2041 1207 2194 1254 vera
2259 1189 2626 1254 memorari.

323 1275 623 1340 ilentium
677 1279 899 1341 tamen
953 1275 1237 1340 habuere
1301 1275 1616 1357 seniores,
1677 1276 1882 1341 donec
1934 1274 2225 1360 Philippi
2278 1297 2382 1341 res
2435 1297 2622 1342 orsus
2661 1290 2730 1341 23

272 1365 569 1429 obterere
612 1364 903 1429 nobilem
950 1363 1121 1448 apud
1159 1361 1606 1429 Chaeroneam
1652 1364 1994 1430 victoriam
2033 1365 2134 1429 sui
2171 1365 2386 1448 operis
2423 1365 2625 1430 fuisse

270 1452 543 1518 iactavit
588 1453 1092 1538 ademptamque
1138 1452 1266 1518 sibi
1311 1453 1728 1537 malignitate
1769 1456 1836 1517 et
1869 1451 2116 1518 invidia
2151 1453 2360 1536 patris
2396 1455 2626 1518 tantae

269 1541 369 1606 rei
416 1541 715 1625 gloriam.
808 1540 1003 1605 Illum
1050 1540 1309 1626 quidem
1356 1540 1676 1606 seditione
1729 1541 1902 1606 inter
1945 1539 2332 1607 Macedones
2377 1542 2624 1606 milites
2661 1555 2733 1605 24

268 1633 340 1710 9ss
385 1627 669 1694 Graecos
715 1630 1194 1696 mercennarios
1240 1632 1389 1695 orta
1432 1629 1846 1695 debilitatum
1892 1629 2174 1715 vulnere,
2222 1629 2394 1714 quod
2440 1630 2512 1694 in
2549 1651 2626 1695 ea

269 1717 797 1782 consternatione
842 1723 1197 1802 acceperat,
1245 1718 1539 1802 iacuisse,
1583 1737 1719 1784 non
1765 1719 1929 1784 alias
1968 1739 2166 1804 quam
2203 1718 2622 1786 simulatione

270 1807 503 1871 mortis
548 1807 887 1890 tutiorem3
934 1827 1002 1871 se
1048 1826 1283 1890 corpus
1331 1808 1469 1872 eius
1504 1807 1891 1890 protexisse,
1933 1807 2140 1892 clipeo
2181 1829 2296 1873 suo
2334 1810 2624 1872 ruentes-

270 1917 397 1978 que
442 1895 513 1958 in
550 1894 739 1959 illum
778 1915 895 1960 sua
932 1917 1129 1978 manu
1167 1895 1433 1961 occisos.
1514 1895 1696 1971 Quae
1731 1899 1986 1978 patrem
2021 1915 2378 1980 numquam
2417 1917 2622 1982 aequo
2659 1909 2729 1961 25
2825 1891 2830 1896 ’

272 1983 493 2048 animo
541 2003 683 2047 esse
728 1983 1123 2067 confessum,
1180 1984 1463 2050 invitum
1516 1983 1658 2050 filio
1705 1982 2048 2050 debentem
2095 1985 2377 2050 salutem
2421 2006 2628 2049 suam.

270 2068 501 2154 Itaque
526 2073 681 2154 post
710 2071 1205 2156 expeditionem,
1242 2093 1437 2156 quam
1473 2073 1616 2138 sine
1653 2094 1729 2138 eo
1767 2073 2031 2139 fecisset
2065 2074 2203 2157 ipse
2237 2073 2310 2138 in
2337 2073 2624 2158 Illyrios,

269 2158 584 2223 victorem
642 2159 978 2243 scripsisse
1026 2181 1095 2224 se
1139 2161 1339 2246 patri,
1396 2161 1578 2237 fusos
1632 2161 2023 2247 fugatosque
2075 2161 2298 2228 hostes
2345 2184 2468 2228 nec
2514 2161 2624 2226 ad-

340 2392 423 2441 20.
462 2387 641 2443 modo
677 2386 925 2456 capite,
960 2386 1247 2441 natfirlich
1283 2387 1390 2443 mit

265 2458 615 2513 dimicantem
650 2476 719 2511 zu
753 2456 1079 2512 verbinden.
1114 2488 1183 2499 --
1210 2456 1388 2513 Rho-

264 2529 447 2583 sacis
484 2552 551 2575 ===
580 2523 864 2583 Ῥωσάτωυ
900 2528 993 2583 bei
1028 2526 1223 2597 Diod„
1250 2524 1389 2583 ‘Pot-

268 2594 447 2652 σάκον
490 2598 588 2654 bei
621 2597 768 2653 Plut.
817 2617 870 2655 u.
907 2598 1031 2655 Arr.
1078 2602 1150 2668 (1.
1192 2605 1275 2654 15.
1316 2602 1386 2669 7).

266 2668 344 2723 Es
380 2684 498 2723 war
533 2669 686 2724 einer
720 2670 823 2724 der
862 2670 1189 2739 persischen
1224 2669 1388 2724 Feld·

265 2740 438 2794 herrn
461 2740 522 2793 in
547 2740 647 2795 der
674 2740 945 2796 Schlacht
971 2757 1063 2794 am
1090 2740 1387 2799 Granilms.

266 2842 337 2851 —-
364 2816 577 2877 veth,
602 2810 761 2865 nicht
786 2828 918 2866 vom
940 2810 1122 2879 Alter,
1150 2811 1391 2865 sondern

264 2896 379 2935 von
412 2882 513 2936 der
548 2883 741 2951 Lange
778 2881 879 2936 der
908 2880 1236 2948 Dienstzeit,
1273 2882 1387 2951 vgl.

264 2957 417 3007 vetus
452 2954 687 3019 anticus,
723 2953 914 3021 hospes
948 2966 1002 3006 u.
1042 2957 1091 3007 a.

340 3027 427 3076 21.
464 3024 837 3079 Hellanice.
884 3022 1088 3077 Arrian
1112 3024 1289 3077 neunt
1308 3022 1388 3077 sie

264 3094 485 3161 Αανίκη
524 3096 839 3163 (Λεωνίκη).
880 3124 947 3133 --
984 3094 1391 3149 educaverat

266 3178 310 3217 s.
349 3180 403 3220 v.
444 3180 493 3219 a.
529 3166 869 3232 flumem-at,
907 3162 1177 3234 ἔθρεψεν,
1214 3163 1385 3220 naml.

267 3234 355 3288 als
392 3236 592 3289 Amme
628 3238 864 3305 (numm,
888 3241 941 3291 2.
972 3238 1045 3304 8).
1120 3234 1194 3289 So
1222 3237 1388 3290 brau-

262 3305 409 3359 chen
445 3306 593 3361 auch
622 3306 907 3361 Classiker
940 3305 1234 3361 bisweilen
1258 3308 1388 3361 edu·-

264 3390 391 3431 care
431 3376 528 3430 ffir-
564 3378 813 3445 educere,
859 3378 1077 3431 nwfflre
1108 3390 1223 3431 von
1258 3377 1390 3431 dem

264 3447 650 3502 Aufziehen
684 3449 837 3503 eines
864 3447 1185 3516 Menschen‚
1224 3461 1391 3517 sogar

264 3532 400 3571 vom
452 3516 837 3573 Grossfuttern
890 3519 991 3573 der
1044 3514 1263 3575 Thiere.
1316 3548 1391 3559 -

266 3588 611 3644 commisit.
690 3588 887 3643 Dieser
932 3588 1138 3657 Clitus,
1186 3588 1241 3645 S.
1291 3588 1389 3645 des

264 3656 569 3727 Dropides,
634 3676 758 3713 zum
812 3658 1218 3715 Unterschiede
1277 3676 1391 3715 von

264 3726 451 3782 einem
496 3728 709 3783 andern
754 3728 932 3785 Clitus
988 3725 1021 3784 ὁ
1070 3729 1243 3799 μέλας
1296 3746 1393 3801 ge·

256 3800 469 3867 runaut,
522 3798 715 3854 fuhrte
763 3800 871 3854 seit
914 3801 1043 3855 dem
1092 3802 1247 3856 Tode
1296 3802 1393 3856 des

259 3868 523 3939 Philotas
558 3869 639 3924 im
665 3870 875 3925 Verein
908 3871 1015 3925 mit
1044 3871 1391 3941 Hephaestio

262 3940 375 3995 den
420 3940 766 3997 Oberbefehl
810 3941 950 3996 fiber
996 3942 1087 3997 die
1129 3943 1389 3997 macedo-

262 4010 459 4065 nische
530 4012 779 4067 schwere
842 4012 1089 4068 Reiterei
1152 4008 1391 4082 (ἑταῖροι

264 4077 501 4153 ἱππεῖς),
541 4085 664 4139 Arr.
704 4090 756 4139 3.
794 4088 880 4139 27.
919 4089 971 4138 4.

336 4157 422 4208 22.
460 4156 883 4223 tempestivo,
918 4154 1025 4209 wie
1064 4161 1113 4210 6.
1152 4160 1202 4209 2.
1242 4161 1291 4210 2.
1322 4184 1390 4195 --

262 4223 509 4291 yravis.
596 4224 670 4280 So
728 4227 857 4295 sagt
908 4226 1175 4295 Propere:
1232 4240 1393 4295 ceyor

264 4293 381 4361 ipse
432 4294 562 4350 meis
616 4312 655 4351 a
903 4312 1013 4352 esse
1071 4298 1273 4367 φανὴ.
1322 4326 1391 4337 --

1494 2390 1886 2446 sentiebant
1918 2390 2121 2461 besagt
2155 2391 2316 2445 mehr
2351 2391 2436 2445 als
2473 2406 2622 2446 cen—

1495 2462 1759 2531 sebant,
1821 2461 2010 2516 indem
2074 2476 2132 2515 es
2196 2462 2451 2532 zugleich
2515 2462 2624 2517 den

1470 2532 1730 2593 Antheil
1775 2532 1874 2587 des
1918 2532 2162 2587 Heraens
2207 2534 2325 2587 und
2371 2533 2470 2588 der
2515 2532 2623 2589 Ge—

1496 2602 1766 2672 sinnung·
1792 2603 2112 2658 ausdrfickt.
2195 2604 2324 2674 Vgl.
2380 2604 2472 2659 die
2526 2605 2626 2659 be·

1496 2673 1748 2727 kannten
1774 2674 2025 2728 Phrasen
2059 2674 2219 2743 idem,
2255 2676 2477 2744 eyreyie,
2513 2690 2624 2730 om-

1496 2744 1601 2798 m'a
1637 2744 1937 2813 praeclara
1985 2746 2051 2798 de
2086 2746 2370 2813 republica
2403 2748 2622 2803 sentire.

1572 2818 1658 2868 23.
1723 2814 1918 2883 apud
1970 2812 2482 2883 Chaeroneam,
2543 2817 2624 2871 im
2728 2824 2734 2829 '

1497 2884 1669 2939 Jahre
1707 2888 1828 2940 338.
1869 2916 1936 2925 --
1973 2886 2274 2939 obterere
2313 2886 2416 2941 wie
2455 2891 2485 2951 ξ
2523 2895 2623 2954 313

1498 2954 1622 3009 Liv.
1661 2960 1746 3009 23.
1785 2961 1870 3010 43.
1914 2961 1998 3010 10.

1571 3030 1657 3081 24.
1703 3040 1836 3080 non
1871 3027 2077 3092 aliae,
2114 3026 2169 3079 d.
2206 3026 2262 3081 h.
2299 3026 2394 3081 bei
2427 3026 2625 3082 keiner

1496 3096 1746 3151 anderen
1818 3096 2200 3167 Gelegenheit.
2312 3096 2420 3151 Zur
2481 3096 2624 3152 Con-

1496 3168 1778 3222 struktion
1812 3168 1926 3237 vgl.
1969 3173 2050 3223 10.
2085 3174 2167 3223 10.
2200 3172 2283 3223 10.
2361 3166 2525 3223 Sinn:
2563 3186 2624 3224 er

1496 3254 1616 3293 war
1661 3238 1753 3293 nie
1799 3255 1862 3293 so
1907 3238 2192 3308 gesichert
2235 3238 2342 3293 wie
2389 3240 2623 3309 damals,

1496 3308 1572 3363 da
1608 3325 1670 3364 er
1697 3309 1817 3363 sich
1851 3310 1980 3363 todt
2015 3310 2205 3364 stellte
2241 3310 2358 3364 und
2393 3310 2501 3365 mir
2527 3310 2621 3365 die

1497 3379 1948 3451 Vertheidigung
1991 3380 2172 3435 seiner
2207 3380 2418 3437 Person
2460 3382 2622 3436 fiber·

1496 3448 1648 3505 liess.
1725 3452 1906 3521 (Doch
1945 3468 1986 3506 s.
2027 3451 2137 3506 den
2172 3451 2304 3507 krit.
2341 3453 2620 3522 Anhang).

1496 3520 1606 3575 Zur
1641 3521 1819 3575 Sache
1854 3522 1972 3591 vgl.
2009 3520 2172 3578 Diod.
2214 3529 2297 3579 16.
2337 3531 2422 3579 86.

1569 3598 1654 3648 25.
1721 3608 1854 3647 esse
1917 3595 2308 3661 confessum.
2397 3594 2620 3649 Andere

1504 3660 1911 3718 Schriststeller
1944 3663 2239 3719 berichten
2263 3682 2370 3719 nur
2395 3664 2474 3719 im
2501 3664 2622 3719 All-

1502 3732 1822 3802 gemeinen,
1871 3734 2002 3789 dass
2045 3735 2202 3790 Alex.
2249 3735 2425 3790 durch
2471 3736 2624 3791 seine

1503 3802 1834 3873 Tapferkeit
1849 3806 2180 3861 wesentlich
2199 3806 2306 3860 mit
2321 3824 2446 3860 zum
2459 3806 2622 3876 Siege

1500 3874 1594 3929 bei
1651 3874 1972 3932 Chaeronea
2033 3877 2401 3946 beigetragen
2459 3877 2620 3932 habe.

1502 3976 1570 3985 --
1609 3947 1683 4000 in
1717 3947 2032 4016 Illyrios.
2105 3946 2412 4002 Vielleicht
2445 3948 2624 4003 meint

1499 4016 1558 4072 O.
1607 4016 1718 4070 den
1753 4016 2114 4087 glt‘icklichen
2147 4016 2396 4087 Feldzug
2441 4034 2623 4089 gegen

1498 4087 1592 4142 die
1619 4088 1980 4142 thracischen
1997 4088 2190 4143 Maedi
2215 4104 2309 4143 am
2338 4089 2622 4159 Strymon,

1498 4157 1608 4211 den
1638 4158 1794 4213 Alex.
1826 4164 1929 4213 389
1965 4159 2318 4228 unternahm,
2355 4160 2624 4215 wahrend

1497 4226 1727 4353 Ptlffiiipp
1789 4246 1892 4283 vor
1945 4229 2163 4297 Byzanz
2220 4230 2333 4284 und
2387 4230 2625 4286 Perinth

1498 4316 1525 4353 s
1669 4340 1681 4353 .
