3069 4749
832 122 1343 179 HISTORIARUM
1380 123 1816 179 ALEXANDRI
1852 123 2088 192 VHLOE.

2503 123 2626 188 127

266 285 501 352 talium
563 284 839 350 amolita
893 288 1129 350 natura
1175 288 1302 368 est,
1348 307 1546 369 quam
1591 285 1658 350 in
1706 285 1956 350 caelum
2002 285 2182 350 fama
2224 287 2625 371 perveheret.

269 373 534 440 Scilicet
577 394 701 458 ego
746 377 815 436 et
857 376 950 457 tu,
996 371 1176 457 oleo,
1220 373 1373 438 deos
1419 375 1719 440 facimus:
1768 395 1808 438 a
1842 375 2033 440 nobis
2071 375 2436 440 divinitatis
2473 397 2626 440 suae
2667 386 2732 434 18

268 463 729 528 auctoritatem
796 465 1181 545 accepturus
1244 465 1345 526 est
1406 465 1556 528 rex!

1663 462 2038 528 Potentiam
2102 467 2283 528 tuam
2347 464 2628 548 experiri

267 551 459 616 libetz
513 551 618 616 fac
670 551 957 634 aliquem
1002 572 1252 634 regem,
1298 551 1357 615 si
1403 551 1593 615 deum
1639 554 1830 634 potes
1876 550 2104 616 facere.
2194 551 2480 617 Facilius
2525 557 2626 618 est

268 641 518 704 caelum
566 639 719 704 dare
764 659 963 722 quam
1011 640 1373 723 imperium.
1465 638 1555 704 Di
1606 639 1878 723 propitii
1933 639 2074 704 sine
2127 640 2404 724 invidia,
2461 663 2626 725 quae
2665 651 2728 698 19

270 725 429 793 Cleo
487 727 676 811 dixit,
733 727 1057 792 audierint
1111 728 1465 812 eodemque
1512 749 1702 794 cursu
1715 778 1733 811 ‚
1787 750 1916 811 quo
1961 727 2204 792 fluxere
2251 730 2460 794 adhuc
2505 751 2625 812 res,

269 816 369 881 ire
405 816 756 901 patiantur.
828 814 1093 882 Nostris
1130 817 1421 882 moribus
1460 817 1669 881 velint
1703 837 1826 881 nos
1866 837 2008 882 esse
2044 820 2400 882 contentos.
2473 815 2625 882 Non

270 905 473 988 pudet
516 905 795 988 patriae,
838 926 959 970 nec
1006 904 1327 984 desidero,
1374 905 1457 970 ad
1503 926 1696 989 quem
1742 904 2007 970 modum
2053 925 2165 969 rex
2211 905 2374 969 mihi
2422 907 2626 970 colen-

273 993 391 1058 dus
440 993 551 1075 sit,
595 1014 639 1056 a
680 993 853 1059 victis
899 993 1160 1059 discere.
1244 993 1420 1071 Quos
1468 993 1766 1079 equidem
1803 993 2082 1058 victores
2121 1015 2261 1058 esse
2299 995 2629 1077 confiteor,

161 1083 253 1147 20
274 1082 329 1146 si
386 1081 468 1146 ab
521 1043 655 1147 i'llis
710 1081 919 1166 leges,
983 1082 1129 1166 quis
1182 1082 1507 1164 vivamus,
1565 1080 1958 1164 accipimus?

274 1169 730 1254 Callisthenes,
774 1170 979 1234 veluti
1015 1169 1250 1236 vindex
1286 1170 1590 1254 publicae
1625 1169 1973 1252 libertatiS,
2020 1170 2421 1234 audiebatur.

2503 1169 2629 1234 Ex-

270 1261 598 1342 presserat
650 1279 785 1322 non
839 1259 1291 1324 adsensionem
1339 1259 1561 1342 modo,
1617 1259 1730 1324 sed
1783 1259 1980 1324 etiam
2030 1279 2258 1323 vocem
2305 1259 2632 1323 seniorum

271 1347 635 1431 praecipue,
682 1347 917 1430 quibus
965 1347 1186 1432 gravis
1226 1352 1368 1412 erat
1404 1347 1752 1412 inveterati
1788 1347 1989 1411 moris
2028 1350 2298 1412 externa
2331 1348 2628 1412 mutatiO.

267 1433 408 1500 Nec
454 1435 802 1519 quicquam
848 1458 1090 1521 eorum,
1138 1457 1304 1520 quae
1348 1435 1631 1500 invicem
1677 1436 1924 1500 iactata
1971 1438 2176 1519 erant,
2219 1457 2333 1500 rex
2373 1437 2626 1520 ignora·
2663 1445 2729 1494 21

268 1523 405 1607 bat,
452 1545 596 1588 cum
642 1527 794 1606 post
840 1525 1087 1609 aulaea,
1134 1546 1297 1609 quae
1344 1524 1531 1590 lectis
1572 1522 1948 1606 obduxerat,
1995 1526 2219 1589 staret.
2297 1523 2511 1608 Igitur
2547 1524 2626 1590 ad

270 1611 451 1694 Agin
506 1615 571 1674 et
624 1609 931 1676 Cleonem
987 1613 1192 1697 misit,
1256 1615 1331 1677 ut
1386 1633 1684 1678 sermone
1739 1612 1926 1676 finito
1981 1612 2298 1678 barbaros
2350 1616 2629 1697 tantum,

272 1720 419 1764 cum
464 1699 792 1784 intrasset,
837 1700 1259 1783 procumbere
1302 1722 1425 1766 ‘suo
1464 1721 1646 1766 more
1681 1704 2081 1785 paterentur,
2128 1705 2194 1765 et
2229 1701 2424 1784 paulo
2462 1705 2629 1785 post,

274 1788 462 1871 quasi
530 1788 791 1872 potiora
862 1789 1178 1873 quaedam
1251 1791 1525 1875 egisset,
1609 1789 1978 1854 convivium
2049 1789 2304 1872 repetit.

271 1876 733 1942 venerantibus
800 1875 1019 1942 Persis
1082 1876 1488 1962 Polypercon
1506 1929 1525 1960 ,
1600 1877 1713 1962 qui
1781 1877 2066 1943 cubabat
2129 1899 2324 1961 super
2385 1898 2627 1962 regem,

269 1986 471 2028 unum
518 1985 596 2029 ex
639 1965 745 2029 his
784 1970 1004 2030 mento
1044 1968 1526 2051 contingentem
1564 1966 1836 2032 humum
1872 1987 1990 2050 per
2026 1965 2378 2031 ludibrium
2415 1968 2628 2050 coepit

270 2051 545 2136 hortari,
591 2058 665 2118 ut
691 2053 1156 2118 -vehementius
1202 2055 1268 2118 id
1314 2057 1612 2139 quateret
1650 2054 1730 2119 ad
1769 2057 2036 2138 terram,
2082 2054 2425 2138 elicuitque
2462 2055 2627 2119 iram

268 2231 404 2281 nat.
435 2231 560 2293 est,
598 2227 817 2282 starker
844 2227 929 2281 als
956 2229 1198 2284 removit.
1263 2229 1392 2299 Vgl.

268 2295 388 2351 Liv.
439 2301 649 2352 28.28.
691 2303 759 2353 10
804 2299 1038 2354 amolior
1083 2305 1133 2354 et
1180 2315 1397 2356 amoveo

267 2385 464 2425 nomen
497 2385 687 2425 meum.

343 2445 425 2495 18.
474 2442 977 2509 auctoritatem,
1022 2442 1393 2512 Beglaubi-

267 2526 475 2580 gung‚
514 2511 999 2581 Zusicherung.

344 2586 427 2636 19.
483 2583 629 2637 sine
680 2583 983 2649 invidia;
1038 2583 1137 2638 der
1181 2583 1394 2639 Ueber-

267 2652 431 2705 muth
486 2651 585 2707 des
631 2653 1070 2722 Glucklichen(
1051 2648 1178 2727 (ῧβρ
1183 2658 1253 2724 ις)
1304 2672 1393 2710 ει·-

268 2723 487 2777 weckte
540 2723 687 2779 nach
741 2725 963 2779 antiker
1011 2676 1393 2797 Anschauung

268 2792 379 2847 den
424 2792 572 2849 Neid
617 2792 883 2865 (φθόνος)
931 2795 1030 2851 der
1066 2795 1393 2852 Gotterff—

265 2864 561 2935 fluxere,
596 2866 711 2936 vgl.
752 2865 864 2922 Cic.
905 2866 995 2923 off.
1038 2873 1085 2921 1.
1126 2874 1195 2923 90
1230 2870 1391 2925 rebus

262 2938 541 3005 prosperis
588 2942 637 2991 et
682 2939 759 2992 ad
802 2938 1135 2993 voluntatem
1168 2940 1389 3022 fluenti-

268 3007 385 3062 bue.
457 3008 619 3062 Auch
660 3008 865 3077 incipit
910 3025 995 3063 res
1040 3009 1232 3064 melius
1286 3011 1387 3077 ire,

255 3093 495 3146 prorsus
529 3079 613 3133 ire
647 3097 699 3134 ιι.
739 3080 915 3149 dergl.
947 3080 1051 3133 hat
1079 3079 1290 3135 Cicero.
1321 3110 1389 3121 -

264 3149 589 3273 desidgro.
652 3150 838 3205 Ueber
876 3150 985 3205 den
1021 3150 1121 3205 inf.
1160 3169 1203 3206 ε.
1243 3150 1389 3207 Einl.

264 3224 295 3284 ἓ
332 3224 419 3274 34.
498 3262 509 3274 .
550 3240 603 3274 α.

337 3296 423 3345 20.
480 3293 715 3361 aequis
762 3292 867 3347 wie
904 3294 1093 3361 aequis
1129 3293 1302 3349 oculis
1338 3299 1389 3348 2.

267 3366 315 3415 9.
344 3392 411 3401 —
442 3367 883 3430 expresserat.
951 3362 1088 3417 Sinn
1123 3363 1222 3418 des
1247 3364 1388 3446 plpf.

266 3433 440 3486 etwa·
477 3448 536 3486 es
563 3449 681 3486 war
706 3432 872 3487 ihm
854 3451 935 3487 im
953 3434 1196 3489 Verlauf
1208 3434 1391 3491 seiner

266 3502 419 3557 Rede
435 3502 792 3574 gelungen,..
808 3504 1277 3560 ‚hervorzurufen
1286 3507 1391 3559 etc.

272 3602 335 3611 -
376 3574 840 3629 adsensionem
866 3602 935 3621 ===
964 3576 1116 3631 stille
1154 3575 1395 3631 Zustim-

266 3659 458 3712 mung.
515 3672 583 3683 —-
642 3651 936 3704 exte-rna.
1030 3645 1394 3702 Natfirlicher

266 3717 439 3768 ware.
480 3714 544 3769 in
578 3721 861 3771 externum
886 3720 1153 3786 (morem).
1230 3718 1392 3773 Doch

265 3783 380 3855 vgl.
427 3784 547 3839 Liv.
596 3792 646 3842 2.
692 3792 775 3841 39.
828 3795 856 3842 7
905 3793 1162 3844 externus
1208 3789 1391 3857 timor,

266 3855 411 3910 auch
460 3860 545 3909 22.
586 3861 669 3912 33.
711 3863 743 3911 6
792 3859 1093 3929 lonquaa
1136 3876 1275 3914 cura
1320 3886 1389 3907 ==

264 3943 403 3981 ewra
428 3928 497 3982 de
532 3929 692 3983 rebus
729 3930 1045 4000 lonqinquis
1078 3931 1197 3985 und
1224 3937 1272 3987 3.
1303 3936 1389 3985 33.

264 4003 295 4051 ὅ
336 3999 641 4068 lonqinqua
686 4000 886 4069 legam
921 4024 991 4047 ==
1029 4003 1125 4071 leq.
1163 4003 1229 4057 in
1274 4002 1389 4057 lon·

260 4069 1393 4225 ffffzssn'ssmmssffifflffl

260 4208 509 4266 insofern
573 4212 658 4268 als
720 4213 845 4269 eine
900 4213 1391 4269 auslandieche

259 4279 589 4337 bezeichnet
610 4284 855 4355 werden,
883 4283 969 4339 als
999 4283 1080 4341 sie
1110 4301 1210 4339 aus
1238 4284 1393 4341 einer

1502 2227 1986 2298 unpatriotischen
1999 2271 2014 2297 ‚
2070 2228 2172 2284 das
2216 2227 2627 2285 Auslaudische

1501 2299 1988 2370 begflnstigenden
2025 2299 2352 2370 Gesinnung
2397 2299 2626 2356 hervor-

1502 2387 2104 2509 εθξῗιξῖᾙᾱῖἓὶναῠ,
2137 2459 2196 2498 es
2223 2442 2352 2497 dai-f
2373 2460 2473 2497 aus
2500 2444 2628 2498 dem

1502 2513 1832 2569 Ausdrucke
1867 2513 2032 2569 nicht
2065 2514 2352 2596 gefolgert
2386 2514 2626 2583 werden,

1503 2584 1631 2639 dass
1676 2582 1834 2640 Alex.
1887 2584 2042 2639 diese
2087 2584 2457 2655 Einrichtung
2503 2602 2627 2641 aus-

1501 2654 1876 2709 nahmsweise
1921 2656 2035 2709 und
2073 2656 2164 2709 fur
2199 2656 2391 2710 diesen
2428 2656 2628 2712 Zweck

1502 2724 1648 2780 habe
1663 2724 1864 2781 treffen
1877 2725 2092 2793 lassen3
2077 2726 2412 2796 ·Vorhange
2427 2728 2534 2797 geh
2540 2733 2627 2783 δι·-

1503 2798 1604 2851 ten
1638 2796 1928 2865 uberhaup
1929 2797 1956 2851 t
1992 2814 2088 2850 zur
2123 2797 2629 2868 Ausschmfickung

1498 2865 1686 2937 desSp
1689 2866 2086 2922 eiseaimmers.
2073 2866 2405 2921 ·hochstens
2416 2867 2627 2923 kbnnte

1500 2937 1604 2991 das
1647 2885 1736 2992 als
1783 2938 1960 2992 etwas
1994 2936 2504 3019 Ungewbhnliches
2540 2954 2626 2991 er-

1497 3001 1779 3076 scheinen,
1808 3007 1940 3063 dass
1959 3007 2320 3077 dergleichen
2339 3008 2627 3062 unmittel-

1499 3078 1603 3133 bar
1639 3048 1826 3133 hinter
1862 3079 1972 3135 den
1999 3077 2395 3147 Speisedivans
2421 3079 2627 3146 (lectis)

1500 3150 1849 3219 angebracht
1878 3150 2106 3205 worden
2121 3165 2327 3204 waren.
2371 3148 2623 3205 Obduaee·

1498 3226 1591 3275 rat
1625 3221 1703 3275 ist
1735 3221 1889 3276 wohl
1925 3240 1994 3275 zu
2027 3220 2217 3275 fassen
2252 3220 2358 3275 wie
2395 3222 2624 3276 circum·

1498 3291 1721 3346 dederat
1749 3298 1797 3346 9.
1825 3296 1992 3361 7.15;
2019 3293 2377 3360 suspenderat
2405 3298 2455 3347 3.
2484 3296 2626 3347 3.18

1496 3380 1552 3415 ιι.
1601 3363 1807 3417 andere
1854 3362 2074 3429 Ein1.§
2116 3368 2180 3417 17
2213 3380 2250 3417 a
2293 3363 2626 3432 angefi‘ihrte

1497 3432 1690 3489 aktive
1754 3432 2020 3489 Phrasen.
2088 3462 2158 3473 -
2222 3436 2419 3503 quasi
2464 3450 2524 3503 p
2573 3450 2622 3503 q.

1501 3505 1762 3586 βρίθεσι.
1837 3503 1999 3559 Sinn:
2058 3505 2141 3559 als
2179 3505 2253 3561 ob
2288 3504 2389 3561 ihn
2425 3504 2625 3575 irgend

1502 3575 1594 3628 ein
1631 3573 1924 3657 wichtiges
1953 3574 2222 3631 Geschast
2247 3575 2624 3632 mittlerweile

1500 3644 1845 3715 beschaftigt
1881 3646 2045 3702 habe.

1571 3721 1658 3769 22.
1704 3732 1905 3785 super
1942 3717 2048 3772 wie
2084 3717 2216 3771 Hor.
2255 3718 2360 3771 sat.
2393 3722 2440 3771 2.
2472 3722 2521 3771 8.
2554 3722 2622 3771 23

1497 3786 1882 3843 Nomentanus
1909 3793 2029 3843 erat
2054 3804 2219 3855 super
2244 3788 2443 3855 ipsum,
2484 3786 2622 3841 Por·

1498 3858 1619 3913 cius
1663 3858 1823 3925 infra
1867 3883 1936 3905 =
1983 3875 2128 3913 sass
2175 3858 2366 3921 uber,
2422 3857 2624 3912 unter

1498 3928 1638 3983 ihm
1689 3928 1798 3983 bei
1845 3929 2110 3983 Tische.
2190 3928 2295 3983 Die
2344 3927 2622 3983 Classiker

1497 3998 1786 4055 brauehen
1853 3999 2017 4054 daffir
2070 4015 2260 4067 sup-ra.
2318 4030 2386 4039 --
2441 3999 2623 4053 vehe-

1498 4072 1790 4125 mentius
1833 4071 1904 4125 id
1947 4076 2264 4139 quateret.
2341 4069 2508 4123 Sinn:
2564 4085 2626 4123 er

1498 4146 1687 4197 mfisse
1722 4142 1870 4196 noch
1906 4141 2022 4195 viel
2057 4139 2257 4195 derber
2292 4140 2623 4209 ansatos-en,

1501 4213 1556 4266 d.
1576 4213 1632 4267 h.
1662 4211 1782 4267 sich
1807 4211 1957 4267 noch
1987 4210 2103 4266 viel
2120 4210 2288 4266 tiefer
2305 4212 2419 4265 und
2437 4213 2622 4266 unter-

1500 4283 1760 4351 wt'irfiger
1797 4282 2037 4338 bucken.
2100 4282 2306 4337 Arrian
2339 4282 2480 4337 lasst
2514 4281 2624 4337 den

2059 1081 2306 1166 Aequis
2364 1082 2629 1146 auribus
2666 1092 2734 1140 2ο

2422 1788 2630 1864 Quem
2666 1799 2733 1847 22
