3069 4749
832 181 1336 234 HISTORIARUM
1369 181 1795 234 ALEXANDRI
1829 179 1926 249 IV,
1967 185 2050 238 15.
2094 188 2177 237 16.
2549 181 2676 248 169

322 365 483 423 vore
528 341 953 426 perterritos?
1012 341 1340 408 Nimirum
1381 342 1578 408 nobis
1625 364 1882 428 quoque
1927 343 2104 430 regis
2150 345 2364 410 nostri
2411 344 2674 410 fortuna

322 431 499 497 vicit.
581 430 819 496 Omnia
862 430 1209 497 Persarum
1255 431 1447 496 caede
1496 435 1708 496 strata
1751 436 1924 498 sunt.
1997 432 2165 509 Quid
2214 433 2528 498 cessatis?
2589 455 2677 500 an

322 542 406 587 ne
450 520 859 606 fugientibus
898 520 1166 604 quidem
1210 541 1399 604 pares
1446 521 1607 586 estis
1618 519 1677 585 1²³
1743 519 1918 586 Vera
1963 520 2174 587 dicere
2217 521 2562 588 videbatur
2605 527 2672 588 et
2707 535 2743 585 6

325 631 473 694 spes
519 610 906 694 languentes
952 629 1206 694 quoque
1252 613 1560 674 erexerat.
1625 607 1916 676 Subditis
1961 610 2326 676 calcaribus
2372 633 2679 696 proruere

323 700 393 764 in
438 698 724 763 hostem:
772 700 839 762 et
880 697 983 761 illi
1015 697 1149 762 iam
1182 719 1320 764 non
1356 699 1616 782 sensim,
1661 698 1774 764 sed
1811 698 2011 764 citato
2049 699 2256 784 gradu
2289 700 2680 766 recedebant

315 807 447 867 ,nec
484 787 836 872 quicquam
869 785 1084 871 fugae,
1126 787 1256 852 nisi
1293 787 1466 872 quod
1499 787 1792 852 nondum
1828 790 2018 872 terga
2051 790 2399 872 verterant,
2437 789 2678 855 deerat.

327 875 671 941 Parmenio
724 878 946 940 tamen
999 875 1269 960 ignarus
1283 924 1302 959 ,
1364 897 1689 959 quaenam
1753 877 1823 940 in
1878 876 2104 941 dextro
2161 897 2361 942 cornu
2413 877 2679 943 fortuna

326 964 499 1050 regis
556 967 755 1048 esset,
813 963 1127 1047 repressit
1190 985 1363 1030 suos.
1435 963 1742 1029 Mazaeus
1807 965 1960 1030 dato
2016 963 2212 1050 fugae
2275 966 2491 1048 spatio
2544 986 2680 1031 non
2717 979 2749 1028 7

328 1057 507 1118 recto
551 1052 814 1136 itinere,
870 1052 984 1117 sed
1028 1053 1275 1119 maiore
1334 1056 1401 1118 et
1455 1053 1540 1118 ob
1585 1053 1654 1118 id
1696 1053 1940 1119 tutiore
1985 1054 2256 1119 circuitu
2301 1053 2534 1140 Tigrin
2577 1069 2687 1120 su-‘

327 1144 520 1226 perat
564 1145 631 1206 et
673 1140 1113 1225 Babyloniam
1160 1163 1309 1207 cum
1352 1141 1647 1225 reliquiis
1695 1141 1934 1208 devicti
1981 1142 2296 1208 exercitus
2341 1143 2564 1210 intrat.

221 1229 306 1294 61
505 1229 759 1295 Dareus
802 1230 1029 1315 paucis
1072 1231 1271 1316 fugae
1316 1230 1664 1295 comitibus
1703 1230 1785 1295 ad
1818 1231 2070 1315 Lycum
2117 1251 2377 1296 amnem
2417 1235 2680 1298 conten·
2717 1245 2752 1296 8

330 1319 530 1384 derat.
616 1319 758 1395 Quo
824 1319 1097 1385 traiecto
1162 1319 1517 1403 dubitavit,
1582 1340 1669 1384 an
1734 1320 2017 1386 solveret
2079 1324 2374 1405 pontem,
2443 1321 2680 1407 quippe

328 1407 587 1472 hostem
630 1407 766 1472 iam
810 1406 1033 1474 adfore
1078 1407 1523 1473 nuntiabatur.
1617 1405 1744 1474 Sed
1785 1412 1890 1474 tot
1934 1407 2120 1473 milia
2165 1430 2456 1490 suorum,
2511 1431 2679 1494 quae

328 1496 617 1562 nondum
662 1495 745 1561 ad
790 1517 1045 1562 amnem
1088 1499 1546 1581 pervenerant,
1599 1500 1799 1581 ponte
1845 1497 2117 1563 rescisso
2163 1497 2427 1564 videbat
2467 1498 2680 1564 hostis
2799 1499 2806 1511 ¹
2903 1459 2926 1510 '⁵

328 1585 641 1669 praedam
676 1584 833 1650 fore.
877 1586 1269 1671 Abeuntem‚
1305 1607 1453 1651 cum
1488 1585 1808 1651 intactum
1847 1586 2089 1652 sineret
2123 1589 2408 1673 pontem,
2444 1585 2681 1652 dixisse
2719 1601 2754 1651 9

330 1677 615 1756 constat,
662 1674 857 1740 malle
904 1695 975 1740 se
1022 1674 1441 1760 sequentibus
1485 1673 1611 1738 iter
1655 1674 1809 1740 dare
1864 1697 2061 1761 quam
2117 1675 2369 1740 auferre
2423 1675 2680 1761 fugien-

326 1763 524 1828 tibus.
614 1761 763 1848 Ipse
818 1763 1051 1850 ingens
1112 1763 1399 1848 spatium
1456 1762 1618 1849 fuga
1673 1784 1970 1830 emensus
2023 1764 2236 1830 media
2298 1763 2434 1830 fere
2489 1768 2680 1830 nocte

327 1852 573 1917 Arbela
615 1852 930 1936 pervenit.

506 1939 669 2017 Quis
714 1943 818 2006 tot
860 1941 1144 2006 ludibria
1176 1939 1499 2024 fortunae,
1544 1940 1800 2025 ducum,
1845 1941 2182 2026 agminum
2219 1941 2481 2007 caedem
2517 1942 2680 2006 mul-
2722 1956 2794 2006 10

328 2028 650 2113 tiplicem,
714 2029 1109 2095 devictorum
1174 2028 1429 2115 fugam,
1490 2029 1708 2094 clades
1772 2051 1944 2095 nunc
2007 2029 2446 2115 singulorum,
2510 2052 2682 2096 nunc

330 2118 783 2183 universorum
830 2121 945 2183 aut
974 2118 1206 2184 animo
1253 2118 1519 2203 adsequi
1566 2121 1763 2202 queat
1807 2122 1922 2184 aut
1967 2119 2260 2184 oratione
2306 2119 2682 2203 conplecti?

330 2205 811 2292 Propemodum
864 2206 1105 2272 saeculi
1158 2227 1263 2271 res
1314 2207 1389 2271 in
1446 2228 1648 2272 unum
1705 2207 1896 2272 illum
1948 2206 2147 2290 diem,
2208 2227 2356 2291 pm,
2421 2207 2684 2273 fortuna

330 2295 703 2362 cumulavit.
748 2294 889 2360 Alii
927 2317 1055 2381 qua
1092 2295 1554 2361 brevissimum
1587 2296 1856 2381 patebat
1890 2296 2033 2381 iter,
2059 2295 2174 2362 alii
2211 2296 2434 2362 devios
2471 2297 2680 2362 saltus
2721 2311 2786 2360 11

330 2388 398 2449 et
442 2386 701 2471 ignotas
746 2385 1169 2470 sequentibus
1216 2386 1413 2451 calles
1462 2386 1793 2469 petebant.
1883 2386 2101 2470 Eques
2155 2386 2478 2472 pedesque
2523 2408 2682 2453 con·

330 2473 464 2538 fusi
510 2475 648 2539 sine
695 2474 872 2558 duce,
917 2475 1185 2540 armatis
1230 2474 1531 2559 inermes,
1575 2474 1850 2559 integris
1897 2475 2144 2541 debiles
2181 2474 2684 2560 inplicabantur.

330 2560 583 2629 Deinde
630 2562 1075 2629 misericordia
1120 2562 1190 2628 in
1232 2567 1481 2628 metum
1525 2584 1741 2648 versa,
1797 2563 1909 2646 qui
1955 2565 2137 2649 sequi
2182 2586 2316 2629 non
2359 2568 2686 2649 poterant,
2724 2580 2790 2629 12

330 2652 504 2715 inter
549 2654 809 2717 mutuos
857 2653 1139 2737 gemitus
1186 2651 1663 2718 deserebantur.
1753 2650 1912 2717 Sitis
1966 2652 2314 2736 praecipue
2366 2652 2682 2738 fatigatos

338 2744 405 2805 et
462 2740 713 2806 saucios
766 2740 1137 2825 perurebat:
1190 2746 1562 2826 passimque
1618 2740 1922 2805 omnibus
1979 2740 2140 2805 rivis
2193 2744 2689 2825 prostraverant

403 2936 453 2986 5.
482 2948 564 2988 no
581 2933 710 3001 bis,
738 2931 908 2989 Dativ
923 2932 1021 2987 der
1034 2931 1453 2987 interessierten
1561 2932 1676 3002 vgl.
1704 2932 1896 2987 vinum
1916 2931 2243 3001 fermentari
2267 2931 2494 2999 sinitur,
2520 2946 2686 2987 sucus

329 3003 556 3059 Person.
1326 3064 1344 3081 ο
1426 3034 1431 3039 -
1561 3004 1710 3058 dolio
1753 3004 1902 3059 exire
1955 3003 2168 3057 sinitur
2220 3001 2487 3072 (Colum,
2536 3000 2684 3057 Plin.

405 3080 452 3129 6.
490 3090 669 3145 spes,
706 3074 865 3129 nicht
899 3074 1009 3128 mit
1042 3074 1191 3145 tany.
1228 3091 1298 3127 zu
1333 3090 1454 3130 ver·
1560 3074 1734 3142 mai.).
1775 3073 1828 3128 S.
1851 3074 1997 3128 auch
2025 3079 2074 3129 9.
2097 3080 2145 3129 2.
2168 3079 2201 3127 9
2237 3074 2417 3129 videri
2449 3073 2681 3143 sinebat,

332 3144 568 3215 binden,
616 3146 856 3201 sondern
893 3143 1148 3215 Subjekt.
1186 3176 1254 3186 -—
1289 3161 1451 3215 pro·
1564 3144 1713 3199 ‘liess
1735 3144 2105 3199 erscheinen’.
2136 3174 2203 3185 —
2231 3145 2687 3227 sequentibus,

331 3232 550 3284 ruere,
586 3216 889 3272 brachen
920 3216 1193 3283 her-vor,
1234 3219 1450 3272 stflrz-
1560 3215 1690 3271 den
1742 3214 2187 3285 Verfolgern,
2254 3230 2360 3269 me
2415 3220 2446 3281 ὅ
2505 3221 2570 3269 11
2627 3235 2682 3272 u.

330 3288 448 3341 ten
486 3288 615 3355 los,
652 3287 761 3341 wie
798 3286 954 3343 Caes.
993 3287 1047 3342 b.
1078 3304 1125 3341 c.
1156 3292 1205 3342 3.
1236 3293 1302 3342 69
1340 3304 1453 3357 qua
1561 3287 1750 3344 osters.
1827 3286 1901 3342 So
1939 3287 2087 3341 auch
2120 3285 2217 3341 bei
2253 3286 2596 3341 Klassikern.

331 3361 529 3423 (cornu
573 3360 854 3426 dextrum)
895 3364 1210 3427 prorum-at.
1286 3356 1454 3412 Sonst
1634 3363 1718 3413 10.
1792 3359 2082 3424 saeculi;
2146 3358 2462 3413 {ibex-setae:
2529 3357 2684 3413 eines

330 3428 615 3483 brauchen
641 3446 749 3482 nur
774 3428 1009 3484 Dichter
1036 3447 1090 3483 u.
1119 3427 1452 3483 Nachklass.
1562 3444 1777 3499 ganzen
1837 3426 2151 3484 Zeitalters.
2208 3460 2277 3469 -
2323 3444 2481 3498 pro,
2533 3428 2684 3483 nach

331 3498 432 3554 das
460 3501 627 3555 Wort
651 3497 994 3555 intransitiv.
1024 3528 1093 3539 --
1126 3500 1330 3570 fwyae
1362 3498 1455 3553 fflr
1561 3500 1693 3554 dem
1758 3499 2028 3555 betonten
2081 3501 2271 3555 ersten
2319 3498 2517 3555 Worte
2581 3501 2678 3555 des

331 3570 408 3625 ad
467 3571 669 3639 fuqam
720 3588 763 3627 s.
817 3570 879 3626 Ε.
933 3575 1017 3626 76.
1074 3601 1143 3610 -
1196 3571 1452 3640 spatie,
1563 3568 1757 3624 Satzes
1795 3569 1914 3626 Liv.
1953 3576 2039 3625 22.
2081 3577 2164 3627 14.
2205 3577 2263 3637 63
2309 3571 2455 3626 Vell.
2496 3577 2546 3625 2.
2585 3576 2679 3637 25ς

333 3640 507 3712 Zeit,
563 3640 1047 3713 Gelegenheit,
1108 3640 1215 3696 wie
1268 3641 1452 3695 mehr·
1559 3641 1710 3695 nach
1755 3640 1886 3695 dem
1937 3640 2175 3697 aweiten
2217 3640 2319 3699 Ov.
2365 3642 2580 3696 heroid.
2629 3647 2678 3697 3.

332 3712 466 3766 sach
510 3714 753 3783 spatium
788 3714 924 3769 dare
969 3729 1017 3768 c.
1054 3728 1182 3783 gen.
1220 3712 1450 3782 gerund.
1563 3718 1650 3781 98,
1671 3711 2002 3768 schwerlich
2018 3711 2310 3783 irgendwo
2330 3729 2393 3767 so
2412 3712 2518 3767 wie
2539 3712 2680 3766 hier.

330 3782 390 3837 in
426 3784 712 3853 gleichem
750 3783 920 3839 Sinne
956 3783 1052 3838 bei
1088 3782 1306 3838 Caesar.
1557 3781 1719 3847 Auch
1750 3782 1905 3837 steht
1931 3798 2040 3853 pro
2069 3784 2249 3839 selten
2277 3781 2476 3849 allaim
2515 3782 2685 3837 meist

404 3861 452 3910 7.
491 3859 552 3910 et
588 3856 664 3910 ob
700 3856 799 3922 id,
836 3853 981 3910 auch
1009 3860 1039 3922 ξ
1068 3859 1164 3921 23;
1202 3854 1315 3923 vgl.
1346 3854 1449 3908 das
1552 3869 1662 3923 pro
1698 3854 1762 3908 di
1785 3854 1959 3922 (boni,
1987 3855 2356 3923 immortales),
2387 3868 2496 3921 pro
2522 3854 2683 3908 deam

330 3926 536 3981 ebenso
556 3925 1023 3995 kakophonische
1050 3930 1101 3982 et
1128 3926 1204 3981 ad
1228 3926 1309 3993 id,
1328 3924 1449 3981 Liv.
1558 3926 1734 3992 fidem
1773 3941 1824 3980 u.
1864 3930 1914 3981 ὃ..
1990 3923 2301 3980 Vielleicht
2343 3924 2421 3978 ist
2465 3924 2528 3979 di
2563 3923 2680 3979 ein-

329 4002 415 4051 37.
454 4000 543 4052 27.
580 4002 630 4051 5.
1561 3996 1910 4051 auschieben.

399 4070 451 4121 8.
488 4068 741 4137 Lycum
777 4085 819 4122 s.
860 4073 909 4123 9.
949 4074 1001 4125 9.
1636 4072 1718 4121 11.
1779 4067 2007 4123 devios
2042 4066 2150 4122 wie
2188 4072 2238 4122 5.
2279 4072 2326 4121 6.
2369 4070 2462 4131 153
2501 4071 2551 4120 6.
2593 4070 2677 4120 11.

400 4144 451 4193 9.
508 4141 777 4195 sineret.
834 4138 1128 4194 Klassisch
1173 4138 1336 4194 daffir
1370 4155 1452 4194 re·
1561 4143 1647 4192 20.
1677 4167 1745 4178 -
1775 4138 2045 4209 ignotas
2079 4138 2286 4193 calles
2321 4152 2366 4191 s.
2395 4142 2446 4191 3.
2477 4141 2562 4191 10.
2595 4142 2678 4191 10.

331 4208 629 4279 linqueret,
685 4210 962 4266 omitteret.
1036 4208 1143 4265 Die
1189 4211 1452 4279 spateren
1635 4214 1718 4263 12.
1756 4214 2018 4265 mutuos
2053 4207 2160 4263 wie
2190 4213 2274 4262 10.
2304 4211 2392 4262 21.
2429 4238 2498 4247 --
2527 4223 2680 4277 per·

333 4276 599 4333 Lateiner
636 4280 918 4335 brauchen
956 4280 1117 4335 nicht
1160 4280 1338 4335 selten
1376 4280 1451 4335 ei-
1558 4281 1829 4347 wrebat,
1857 4280 1966 4335 wie
1991 4280 2136 4347 febre
2148 4283 2406 4361 perustus
2425 4278 2520 4333 bei
2533 4278 2680 4334 Plin.

334 4364 461 4405 nere
486 4350 547 4404 in
576 4350 1073 4422 abgeschwachter
1100 4350 1450 4421 Bedeutung‚
1560 4350 1694 4407 min.
1753 4350 1882 4421 Vgl.
1912 4352 2013 4406 das
2039 4348 2391 4405 Livianische
2421 4366 2682 4421 perurere
