3069 4749
638 115 644 119 ’
753 156 1268 214 ms'roluARUM
1301 154 1737 210 ALEXANDRI
1771 155 1948 224 vnn,
1986 161 2034 210 2.
2076 161 2124 209 3.

2513 153 2641 219 175

277 324 484 410 ‚paulo
531 326 682 388 ante
728 321 862 386 vidi
907 318 1455 403 contendentium,
1502 319 1616 402 qui
1650 317 2064 400 potissimum
2100 317 2430 383 vulnerati
2466 316 2641 402 regis

291 433 524 496 corpus
573 409 986 494 exciperent?
1042 408 1362 490 desertus,
1409 406 1761 472 destitutus
1808 428 1980 488 sum,
2024 407 2325 473 hostibus
2373 406 2643 471 deditus.

293 500 420 566 Sed
473 501 652 566 solus
708 519 962 583 quoque
1015 497 1112 562 ire
1166 495 1616 580 perseverabo.

201 641 209 646 .
291 589 504 655 beluis
561 591 628 654 et
678 586 812 652 illis
867 586 1170 671 gentibus
1183 635 1202 669 ,
1257 605 1529 670 quarum
1584 583 1855 648 nomina
1898 583 2202 648 horretis.

1706 493 1959 560 Obicite
2007 517 2111 560 me
2157 495 2529 560 fluminibus
2577 499 2644 560 et
2680 505 2748 554 33

2292 583 2646 667 Inveniam,

233 691 238 696 “
293 679 404 762 qui
450 678 782 742 desertum
817 695 870 738 ‘a
912 674 1100 739 vobis
1158 677 1540 758 sequanturt
1602 671 1885 755 Scythae
1938 670 2399 758 Bactrianique
2454 676 2647 738 erunt

293 777 566 846 mecum,
611 765 834 830 hostes
881 763 1075 847 paulo
1115 765 1287 845 ante,
1330 783 1502 826 nune
1540 761 1781 825 milites
1818 761 2043 826 nostri.
2127 760 2296 826 Mori
2332 763 2643 845 praestat,
2680 770 2750 819 34

297 876 492 939 quam
536 853 830 937 precario
876 852 1338 935 imperatorem
1385 871 1547 915 esse.
1636 849 1737 914 Ite
1782 848 2049 914 reduces
2096 849 2357 914 domosl
2404 849 2497 915 ite
2543 848 2648 914 de-

297 947 474 1008 serto
518 961 676 1026 rege
721 940 1018 1006 ovantes!
1108 939 1255 1024 Ego
1301 939 1410 1003 hic
1453 961 1496 1002 a
1538 937 1728 1003 vobis

295 1032 612 1096 honestae
657 1029 858 1094 morti
903 1029 1118 1094 locum
1165 1025 1539 1093 inveniam?

1768 935 2150 1021 desperatae
2186 939 2499 1004 victoriae
2536 942 2652 1002 aut
2685 932 2793 1092 s,

1311 1203 1469 1271 CAP.
1514 1201 1635 1268 III.

471 1328 574 1395 Ne
623 1331 716 1395 sic
763 1329 1022 1416 quidem
1060 1329 1176 1394 ulli
1213 1327 1500 1393 militum
1538 1348 1666 1392 vox
1704 1325 1976 1410 exprimi
2014 1327 2248 1411 potuit.
2331 1325 2648 1410 Expecta—
2689 1337 2715 1384 1

293 1420 474 1502 bant,
520 1422 596 1483 ut
641 1419 832 1484 duces
878 1419 1334 1502 principesque
1373 1416 1455 1480 ad
1491 1435 1711 1500 regem
1750 1414 2131 1498 perferrent,
2179 1415 2550 1479 vulneribus
2590 1417 2655 1478 et

296 1509 602 1574 continuo
659 1507 885 1572 labore
941 1506 1220 1570 militiae
1273 1504 1591 1588 fatigatos
1643 1525 1777 1569 non
1823 1503 2183 1568 detrectare
2230 1504 2479 1587 munia,
2540 1501 2654 1568 sed

297 1597 618 1660 sustinere
663 1617 796 1659 non
839 1616 1049 1678 posse.
1141 1592 1442 1659 Ceterum
1487 1592 1588 1656 illi
1624 1596 1804 1656 metu
1843 1593 2109 1657 attoniti
2153 1593 2225 1656 in
2260 1597 2503 1657 terram
2540 1613 2655 1656 ora
2691 1603 2723 1649 2

299 1683 676 1748 defixerant.
764 1683 976 1767 Igitur
1020 1681 1232 1765 primo
1278 1681 1575 1746 fremitus
1625 1702 1743 1745 sua
1789 1685 2046 1764 sponte,
2095 1680 2323 1745 deinde
2372 1680 2653 1766 gemitus
2724 1749 2739 1764 ,

302 1793 556 1857 quoque
604 1772 812 1837 oritur
854 1771 1300 1856 paulatimque
1355 1769 1623 1834 liberius
1679 1769 1867 1834 dolor
1912 1770 2078 1853 erigi
2125 1769 2341 1854 coepit
2386 1790 2654 1833 manan-

298 1861 478 1925 tibus
515 1860 820 1944 lacrimiS,
868 1860 1026 1924 adeo
1072 1862 1147 1923 ut
1191 1881 1306 1924 rex
1350 1859 1449 1922 ira
1491 1859 1564 1923 in
1608 1857 2118 1923 misericordiam
2166 1880 2355 1923 versa
2390 1879 2473 1921 ne
2510 1857 2651 1942 ipse

197 1953 282 2016 12
304 1948 582 2034 quidem,
611 1971 1002 2035 quamquam
1032 1951 1309 2032 cuperet,
1344 1951 1710 2031 temperare
1748 1947 1953 2012 oculis
1981 1948 2283 2032 potuerit.
2359 1945 2650 2011 Tandem
2687 1957 2718 2006 3

299 2037 606 2102 universa
649 2037 950 2102 contione
999 2037 1260 2102 effusius
1303 2035 1499 2100 flente
1537 2033 1791 2100 Coenus
1831 2057 2024 2100 ausus
2063 2039 2165 2100 est
2204 2035 2657 2101 cunctantibus

303 2128 533 2190 ceteris
591 2126 860 2210 propius
919 2124 1213 2190 tribunal
1279 2124 1605 2207 accedere,
1670 2123 2043 2210 significans
2110 2147 2179 2188 se
2233 2124 2417 2210 loqui
2472 2124 2654 2188 velle.

303 2214 507 2292 Quem
552 2219 629 2280 ut
673 2215 887 2280 videre
923 2213 1168 2278 milites
1205 2213 1654 2278 detrahentem
1690 2214 1949 2298 galeam
1989 2213 2186 2297 capiti
2224 2251 2308 2259 —-
2349 2213 2445 2279 ita
2482 2211 2653 2277 enim
2693 2224 2727 2272 4

301 2323 523 2389 regem
569 2303 832 2390 adloqui
879 2325 1021 2368 mos
1069 2305 1169 2368 est
1220 2339 1295 2350 -
1347 2301 1603 2367 hortari
1650 2305 2019 2387 coeperunt,
2066 2306 2141 2366 ut
2179 2323 2447 2368 causam
2485 2323 2659 2365 exer-

303 2394 468 2458 citus
517 2398 758 2478 ageret.
849 2392 1018 2458 Tum
1065 2390 1318 2459 Coenus
1329 2443 1346 2477 ,
1394 2390 1531 2455 ‘Dii
1576 2391 2021 2475 prohibeant',
2066 2392 2306 2476 inquit,
2356 2391 2419 2455 ‘a
2463 2391 2654 2456 nobis
2692 2401 2723 2450 5

300 2482 516 2565 inpias
572 2487 849 2547 mentes:
907 2488 973 2547 et
1027 2483 1320 2566 profecto
1367 2480 1739 2567 prohibent.
1828 2480 2011 2545 Idem
2060 2482 2314 2545 animus
2362 2484 2464 2545 est
2509 2479 2661 2562 tuis,

307 2570 418 2653 qui
463 2570 587 2635 fuit
635 2592 907 2655 semper,
952 2572 1045 2635 ire
1095 2593 1222 2656 quo
1258 2570 1546 2653 iusseris,
1581 2589 1894 2654 pugnare,
1930 2568 2305 2653 periclitari,
2345 2568 2660 2654 sanguine

306 2661 534 2722 nostro
590 2659 1038 2723 commendare
1094 2658 1465 2742 posteritati
1519 2662 1707 2723 tuum
1752 2679 2008 2723 nomen.
2091 2657 2369 2723 Proinde
2418 2659 2474 2721 si
2519 2678 2660 2742 per-

310 2768 600 2830 severas,
654 2748 932 2810 inermes
993 2767 1246 2831 quoque
1303 2752 1368 2810 et
1411 2745 1569 2811 nudi
1627 2752 1693 2811 et
1737 2767 2091 2831 exangues,
2142 2751 2492 2830 utcumque
2538 2745 2663 2810 tibi

381 2980 468 3028 32.
499 2973 710 3041 paulo
747 2977 929 3039 ante,
967 2990 1009 3027 s.
1052 2978 1098 3027 7.
1137 2978 1188 3028 6.
1227 2978 1278 3026 8.

383 3044 830 3098 33.nomina=-
854 3043 1431 3098 ‘blosneNamen'.

312 3146 377 3155 -
418 3116 694 3181 militeS,
731 3114 783 3169 d.
821 3114 858 3169 i.
897 3114 1289 3183 Mitsoldaten,
1325 3113 1433 3169 wie

313 3188 456 3241 cives
489 3187 692 3252 nostri,
729 3184 1056 3253 Mitbfirger.

381 3264 468 3312 34.
517 3258 864 3326 precaria,
909 3255 1016 3310 wie
1053 3256 1346 3325 precarias
1380 3260 1431 3311 4.

317 3336 365 3384 ’1.
407 3335 465 3394 13
503 3335 554 3383 4.
596 3333 678 3382 14.
708 3333 794 3383 23.
867 3327 983 3380 Das
1010 3325 1254 3381 Adverb.
1285 3327 1432 3380 auch

320 3405 403 3455 10.
432 3405 483 3454 2.
516 3405 598 3455 14.
663 3399 777 3452 Der
803 3397 1100 3451 Ausdruck
1125 3396 1202 3451 ist
1226 3397 1288 3451 in
1315 3396 1430 3451 die-

317 3486 436 3525 sem
462 3470 622 3524 Falle
651 3472 715 3537 (s.
747 3469 891 3523 oben
917 3473 949 3533 ξ
970 3472 1061 3537 29)
1088 3467 1254 3521 nicht'
1274 3468 1434 3522 recht

317 3556 411 3595 am
435 3538 655 3596 Platae„
678 3569 747 3579 —
785 3540 1193 3607 desperatae.
1256 3536 1435 3591 Nicht

319 3610 502 3664 selten
536 3612 680 3664 setzt
707 3609 764 3664 C.
803 3611 948 3663 aueh
985 3610 1078 3664 die
1114 3624 1214 3663 aus
1251 3611 1430 3663 meh-

317 3697 516 3735 reren
547 3680 784 3735 Worten
817 3679 1158 3735 bestehende
1194 3680 1432 3750 Apposi-

316 3755 416 3806 ten
453 3767 572 3805 vor
608 3752 710 3805 das
737 3750 1081 3805 Substantiv.
1114 3782 1180 3789 —
1210 3752 1436 3806 locum.

317 3821 680 3879 Uebersetze=
736 3822 936 3876 einen
975 3823 1158 3893 Weg.
1234 3820 1308 3877 So
1355 3820 1440 3875 oft

315 3892 396 3947 im
423 3892 734 3949 bildlichen
761 3892 954 3948 Sinne:
993 3894 1144 3948 loeus
1169 3894 1251 3946 rei
1280 3896 1440 3963 (mn)

316 3972 419 4032 est,
473 3965 650 4019 locvm
703 3964 882 4029 facere
928 3965 1083 4031 (sibi)
1093 4004 1112 4031 ,
1167 3978 1436 4033 quaerere.

317 4037 502 4091 Ueber
537 4035 648 4089 den
681 4033 854 4089 Dativ
891 4052 933 4089 s.
970 4033 1116 4089 Einl.
1157 4040 1190 4099 ξ
1217 4040 1288 4089 28
1315 4048 1366 4091 a.

707 4176 718 4185 ·
746 4157 871 4212 Car.
914 4160 1010 4211 III.

377 4252 441 4303 ·2.
499 4247 812 4312 liberine,
865 4248 971 4301 wie
1018 4246 1238 4301 liberior
1285 4247 1440 4300 dolor

323 4322 372 4371 6.
410 4324 460 4371 2.
499 4324 560 4385 43
611 4318 752 4387 erim·
797 4318 902 4370 wie
947 4319 1148 4386 eriqere
1195 4318 1440 4371 animum

1546 2972 1649 3041 (Ge
1694 2988 1807 3026 ens.
1844 2974 2101 3042 frangere
2137 2974 2422 3041 animum).
2498 2972 2661 3027 Sinn:

1539 3043 1631 3097 ihr
1727 3060 1945 3098 ummer
1988 3045 2183 3099 wurde
2229 3044 2429 3099 immer
2463 3060 2663 3097 unver-

1541 3113 1798 3168 haltener
1850 3114 1996 3183 lant,
2094 3132 2290 3171 ewann
2343 3115 2505 3171 mehr
2546 3113 2663 3168 und

1541 3184 1701 3238 mehr
1736 3182 1924 3251 nuth,
1970 3184 2053 3240 sic
2130 3187 2278 3241 auch
2314 3204 2380 3240 zu
2417 3191 2660 3239 aussern.

1544 3284 1611 3293 -·
1656 3259 2024 3324 temperare
2068 3259 2312 3324 oculis,
2366 3256 2459 3311 fiir
2502 3262 2658 3325 temp.

1544 3326 1816 3393 lacrimis,
1852 3326 1976 3381 eine
2013 3327 2345 3383 livianisehe
2379 3327 2607 3381 Phrase.

1612 3402 1663 3451 3.
1726 3396 1995 3452 Coenus.
2070 3400 2232 3454 Aueh
2275 3398 2480 3453 Arrian
2527 3397 2668 3452 lasst

1540 3464 1733 3523 diesen
1761 3468 1845 3522 als
1872 3469 2167 3539 muthigen
2184 3469 2544 3525 Wortffihrer
2566 3468 2665 3523 des

1540 3538 1751 3593 Heeres
1778 3539 1903 3593 eine
1928 3540 2155 3611 langere
2182 3541 2338 3595 Rede
2365 3540 2573 3595 halten.
2594 3568 2665 3579 ·-—

1531 3611 1840 3681 propius.
1906 3610 2127 3665 Ebenso
2162 3612 2269 3665 mit
2306 3627 2421 3665 acc.
2450 3609 2545 3663 bei
2572 3624 2663 3663 ae-

1544 3681 1725 3735 cedere
1761 3686 1813 3734 4.
1856 3686 1937 3735 14.
1979 3686 2065 3735 24.

1618 3756 1670 3805 4.
1706 3766 1837 3807 mos
1872 3758 1979 3807 est.
2048 3753 2230 3807 Ueber
2269 3752 2370 3807 das
2406 3766 2590 3821 praes.
2620 3766 2663 3803 s.

1546 3820 1693 3876 Einl.
1734 3826 1765 3887 ἓ
1804 3828 1870 3876 31
1910 3840 1961 3877 a.

1619 3898 1669 3947 5.
1726 3898 1967 3949 mentes
2110 3893 2501 3960 Gedanken,
2544 3891 2666 3947 Ge-

1548 3962 1943 4035 sinnungen.
2020 3964 2095 4018 So
2130 3970 2327 4018 mentes
2361 3978 2667 4033 sensusque,

1549 4034 1661 4089 Cic.
1682 4033 1846 4089 Catil.
1880 4040 1927 4089 1.
1952 4040 2034 4091 17.
2054 4064 2123 4075 --
2153 4038 2212 4088 et
2230 4035 2407 4103 prof.
2428 4036 2665 4103 prohi-

1548 4106 1716 4161 beat.
1772 4106 2025 4176 Erganze
2054 4106 2233 4159 adhue
2259 4122 2312 4160 u.
2342 4105 2454 4174 vgl.
2478 4104 2663 4171 Quint.

1550 4180 1634 4231 10.
1668 4182 1717 4231 1.
1739 4182 1857 4230 120.
1890 4176 2449 4231 -aeeommendare,
2506 4179 2666 4230 Auch
2692 4228 2708 4247 ,

1550 4244 1742 4301 Cicero
1770 4249 1921 4316 sagt:
1952 4262 2133 4301 comm.
2162 4262 2357 4301 monteri
2381 4262 2544 4301 suum
2570 4249 2667 4302 im·

1546 4318 1891 4373 mortalitati.
1930 4348 1997 4357 —
2028 4333 2445 4385 perseveras,
2490 4318 2665 4373 absol.
