3069 4749
774 144 1289 201 HISTORIARUM
1323 143 1762 199 ALEXANDRI
1799 143 1920 211 VII,
1963 150 2043 199 10.
2087 150 2170 198 11.
2564 144 2650 209 99

294 316 509 396 erant,
564 311 851 376 miserat.
942 307 1173 393 Itaque
1220 306 1505 373 exercitu
1567 310 1756 371 aucto
1805 305 1884 371 ad
1932 327 2033 391 ea,
2090 328 2250 391 quae
2297 306 2655 373 defectione
2695 327 2760 377 13

292 403 559 469 turbata
615 401 831 481 erant,
888 396 1312 481 conponenda
1365 396 1689 479 processit
1743 394 2229 479 interfectisque
2289 400 2659 461 consterna-

291 489 495 557 tionis
543 486 923 554 auctoribus
981 490 1213 570 quarto
1271 484 1375 549 die
1423 483 1501 548 ad
1552 484 1796 550 flumen
1840 482 2052 551 Oxum
2110 488 2495 569 perventum
2543 488 2659 550 est.

292 578 451 665 Hic,
497 578 653 663 quia
698 576 930 640 limum
974 574 1184 656 vehit,
1229 572 1525 639 turbidus
1576 595 1860 657 semper,
1905 572 2262 638 insalubris
2312 576 2414 637 est
2457 573 2660 657 potui.

295 669 529 754 Itaque
586 668 823 750 puteos
890 662 1079 729 miles
1148 666 1450 746 coeperat
1512 660 1734 727 fodere
1797 684 1918 728 nec
1981 665 2206 726 tamen
2265 661 2466 727 humo
2525 662 2657 728 alte
2699 682 2767 731 14

298 760 527 843 egesta
571 752 895 821 existebat
946 750 1201 816 humor.
1292 748 1461 817 Tum
1504 751 1578 815 in
1630 751 1774 835 ipso
1825 750 2249 815 tabernaculo
2295 751 2468 834 regis
2517 772 2660 817 con-

306 849 565 930 spectus
611 846 711 907 est
754 841 931 923 fons,
976 862 1168 925 quem
1215 839 1371 923 quia
1414 839 1600 904 tarde
1637 842 2055 922 notaverant,
2101 839 2319 904 subito
2369 840 2660 905 extitisse

303 934 652 999 finxerunt:
718 951 959 1015 rexque
1022 928 1163 1013 ipse
1220 927 1395 993 credi
1458 928 1697 1011 voluit,
1759 928 1940 995 deum
2004 928 2244 993 donum
2307 928 2377 993 id
2437 928 2659 993 fuisse.

306 1020 637 1105 Superatis
686 1017 915 1085 deinde
963 1017 1265 1082 amnibus
1311 1016 1491 1082 Ocho
1539 1021 1606 1083 et
1653 1016 1793 1083 Oxo
1843 1016 1926 1083 ad
1972 1017 2200 1082 urbem
2248 1014 2654 1101 Margianam
2697 1037 2764 1086 15

302 1110 617 1197 pervenit.
717 1106 907 1173 Circa
960 1128 1103 1171 eam
1159 1124 1235 1171 vl
1288 1106 1544 1190 oppidis
1609 1105 1958 1171 condendis
2013 1105 2220 1171 electa
2283 1106 2468 1171 sedes
2532 1108 2658 1171 est:

306 1199 434 1264 duo
482 1197 562 1263 ad
605 1197 943 1261 meridiem
986 1216 1204 1280 versa,
1249 1212 1359 1259 1111
1395 1195 1758 1279 spectantia
1803 1194 2124 1261 orientem
2169 1194 2445 1261 modicis
2489 1195 2661 1259 inter

308 1309 379 1353 se
416 1285 647 1370 spatiis
686 1283 1044 1367 distabant,
1086 1306 1168 1349 ne
1212 1283 1441 1369 procul
1477 1284 1900 1367 repetendum
1939 1287 2113 1348 esset
2147 1286 2445 1348 mutuum
2483 1283 2659 1349 auxi-

303 1376 483 1441 lium.
555 1373 737 1439 Haec
772 1373 993 1439 omnia
1030 1372 1158 1437 sita
1198 1376 1352 1437 sunt
1397 1370 1467 1437 in
1507 1372 1698 1437 editis
1737 1372 2042 1438 collibus:
2089 1374 2229 1438 tum
2267 1372 2446 1439 velut
2492 1372 2659 1437 freni
2697 1393 2764 1443 16

305 1462 696 1529 domitarum
733 1462 1056 1560 gentium,
1096 1482 1265 1526 nunc
1305 1460 1578 1546 originis
1617 1482 1772 1527 suae
1811 1461 2020 1525 oblita
2059 1460 2378 1545 serviunt,
2426 1461 2660 1545 quibus

304 1552 807 1637 imperaverunt.

1328 1689 1487 1757 CAP.
1534 1690 1646 1757 XI.

195 1798 280 1863 41
482 1798 574 1864 Et
618 1800 837 1863 cetera
881 1798 1143 1882 quidem
1197 1802 1547 1883 pacaverat
1589 1820 1720 1863 rex.
1809 1796 1960 1863 Una
2005 1800 2145 1862 erat
2191 1799 2406 1880 petra,
2463 1819 2656 1882 quam
2697 1819 2725 1867 1

302 1888 640 1953 Arimazes
708 1885 1071 1972 Sogdianus
1132 1905 1282 1952 xxx
1346 1888 1611 1951 milibus
1677 1889 2076 1951 armatorum
2141 1885 2482 1951 obtinebat
2545 1887 2662 1953 ali-

304 1976 542 2041 mentis
573 1979 723 2041 ante
752 1975 1096 2059 congestiS,
1134 1997 1299 2059 quae
1336 1978 1560 2045 tantae
1589 1974 1994 2041 multitudini
2028 1975 2130 2039 vel
2168 1996 2286 2057 per
2323 1974 2657 2040 biennium

306 2067 742 2149 suppeterent.
816 2062 1015 2128 Petra
1059 2066 1129 2129 in
1176 2065 1591 2130 altitudinem
1627 2082 1777 2129 xxx
1824 2064 2066 2128 eminet
2111 2062 2345 2145 stadia,
2381 2063 2654 2129 circuitu
2693 2086 2725 2135 2

307 2170 347 2219 o
394 2156 461 2218 et
504 2170 549 2215 L
598 2152 1052 2237 conplectitur:
1098 2153 1384 2238 undique
1432 2152 1689 2219 abscisa
1727 2156 1792 2217 et
1829 2154 2106 2235 abrupta
2153 2152 2385 2217 semita
2429 2175 2657 2236 peran-

378 2404 459 2455 13.
518 2399 1099 2454 consternationis
1155 2425 1221 2446 τε
1286 2401 1426 2468 defe—
1538 2399 1716 2454 Stelle
1762 2399 1952 2469 spater
1995 2397 2310 2453 Antiochus
2362 2398 2523 2454 Soter
2568 2399 2659 2455 die

302 2471 529 2536 ationis,
592 2469 701 2524 wie
765 2467 1055 2525 mehrfach
1118 2469 1213 2524 bei
1276 2469 1427 2526 Cui-t.
1538 2470 1704 2526 Stadt
1728 2469 2036 2525 Antiochia
2063 2468 2356 2540 Margiana
2384 2471 2660 2540 grundete

302 2539 500 2596 Dieser
554 2540 852 2596 Gebrauch
915 2541 1015 2595 des
1068 2541 1292 2598 Wortes
1351 2542 1429 2596 ist
1537 2542 1740 2610 (Sti-ab.
1775 2560 1828 2612 p.
1861 2546 1964 2596 516
1992 2541 2479 2611 C.).—oppidi8
2505 2559 2658 2598 con-

302 2611 734 2666 nachclassisch.
775 2643 841 2652 —-
883 2612 1268 2668 insalubris
1306 2628 1427 2682 po·
1536 2613 1788 2668 dandis.
1860 2613 2024 2666 Nach
2059 2609 2277 2668 Plinius
2313 2631 2366 2667 n.
2404 2613 2459 2669 h.
2501 2619 2548 2669 6.
2587 2619 2657 2669 46

302 2683 434 2749 tui,
470 2681 577 2736 wie
605 2698 753 2750 aqua
775 2683 943 2752 potui
968 2683 1245 2750 iucunda,
1280 2683 1426 2738 Plin.
1534 2701 1590 2740 u.
1629 2688 1698 2737 48
1735 2682 2012 2754 grfindete
2048 2681 2364 2738 Alexander
2400 2683 2530 2738 dort
2567 2685 2659 2740 die

306 2769 359 2806 n.
399 2752 454 2808 h.
496 2757 544 2808 6.
584 2757 703 2807 203.
1537 2753 1738 2809 Stadte
1775 2753 2116 2810 Alexandria
2151 2771 2206 2808 u.
2245 2754 2534 2810 Heraclea.

376 2828 461 2879 14.
500 2823 634 2878 alte
670 2849 737 2870 ==
780 2824 931 2878 ‘aus
977 2841 1201 2892 grosser
1242 2823 1423 2880 Tiefe'
1611 2830 1692 2879 16.
1731 2828 1865 2879 tum
1899 2823 1980 2877 im
2015 2822 2288 2878 betonten
2317 2823 2552 2894 Gegens.
2591 2844 2658 2880 zu

303 2895 356 2948 d.
391 2895 449 2949 h.
487 2911 619 2948 man
654 2894 815 2952 hatte
852 2893 963 2951 tief
991 2893 1053 2948 in
1090 2895 1200 2950 den
1234 2894 1429 2950 Boden
1534 2911 1687 2950 nwnc
1731 2893 1840 2949 wie
1890 2899 1938 2948 ὅ.
1977 2899 2072 2961 423
2124 2900 2205 2949 10.
2249 2899 2330 2948 16.
2371 2925 2437 2934 ——
2475 2897 2660 2960 freni

300 2963 495 3020 hinein
552 2981 623 3035 ge
728 2967 853 3021 ben.
934 2964 1065 3035 Vgl.
1116 2967 1223 3021 alte
1263 2983 1426 3036 pene-
1537 2993 1605 3012 =
1643 2967 1888 3022 claustra
1936 2971 1984 3019 6.
2028 2971 2119 3032 13,
2169 2965 2259 3019 ein
2417 2985 2446 3018 z
2484 2983 2656 3036 unge-

302 3041 452 3090 brare
490 3034 591 3105 (in
672 3035 735 3090 ie
764 3035 988 3107 Tiefe)
1026 3055 1081 3090 u.
1121 3037 1229 3091 alte
1262 3039 1428 3106 spiri·
1533 3036 1880 3092 wohnlicher
1924 3033 2236 3091 Ausdruck.
2381 3036 2488 3090 och
2541 3038 2656 3106 vgl.
2746 3057 2754 3064 ·

301 3111 419 3160 tum
472 3108 665 3162 ducere
708 3109 863 3175 (aus
908 3107 1025 3161 der
1071 3107 1314 3174 Tiefe).
1358 3139 1425 3148 -—-
1537 3107 1648 3164 Cic.
1689 3107 1832 3163 Phil.
1877 3113 1959 3163 13.
1999 3112 2068 3162 20
2118 3107 2407 3162 Mutinam
2441 3109 2533 3162 illi
2567 3124 2656 3162 ex-

300 3178 417 3244 fon
430 3193 473 3232 ε.
557 3177 827 3233 Dasselbe
874 3177 1116 3234 Mirakel
1170 3179 1427 3234 erzahlen
1536 3180 1772 3234 &citanti
1841 3185 2120 3248 tamqnam
2191 3177 2377 3248 frenos
2447 3179 2658 3244 furoris

300 3247 408 3303 mit
471 3248 695 3319 einigen
757 3248 1218 3319 Abweichungen
1282 3251 1427 3306 auch
1534 3251 1740 3306 inierit.
1793 3281 1860 3290 -
1913 3266 2094 3304 nunc
2147 3249 2200 3303 d.
2254 3250 2309 3304 h.
2367 3249 2475 3304 seit
2529 3249 2658 3304 dem

299 3318 503 3373 Arria-n
538 3337 591 3374 u.
629 3320 917 3375 Plutarch.
1536 3321 1729 3376 Sturze
1784 3320 1882 3376 des
1937 3319 2657 3390 griechisch-baktrischen

374 3394 458 3446 15.
518 3389 692 3446 Ocho
754 3395 816 3444 et
872 3389 1024 3446 Oxo.
1116 3391 1207 3446 Da
1267 3391 1424 3447 Alex.
1534 3393 1774 3448 Reiches
1822 3392 2000 3446 durch
2046 3391 2137 3447 die
2182 3390 2429 3462 Scythen
2466 3409 2510 3447 c.
2555 3399 2654 3446 136

295 3459 602 3528 jedenfalls
667 3477 779 3515 von
834 3460 1043 3516 Bactra
1102 3478 1200 3516 aus
1263 3465 1427 3517 wost-
1533 3481 1588 3518 v.
1628 3462 1755 3518 Chr.
2451 3517 2460 3526 ,

301 3531 473 3584 warte
500 3546 631 3598 zog,
661 3547 722 3585 so
751 3532 911 3586 hatte
941 3550 1001 3587 er
1026 3531 1186 3587 nicht
1212 3534 1427 3588 sowohl

300 3599 413 3654 den
436 3597 598 3678 ‘oxus
644 3601 729 3655 als
779 3602 941 3658 einen
986 3603 1124 3658 oder
1170 3603 1425 3659 mehr-ere
1962 3577 2089 3633 Off·
2133 3578 2228 3634 XI·

301 3669 557 3750 sudliche
602 3671 966 3728 Nebenflfisse
1019 3674 1313 3730 desselben
1357 3693 1425 3730 zu
1607 3681 1655 3730 1.
1720 3674 2072 3731 Arimazes
2134 3675 2522 3746 Scydianus
2585 3703 2654 3724 =--

298 3755 570 3823 passuen.
622 3741 817 3822 ‘Ochus
844 3743 916 3813 (d.
946 3745 1001 3800 h.
1041 3745 1160 3800 der
1191 3745 1445 3814 Fluss)'
1528 3741 1865 3816 Ἅριομάζης,
1899 3745 2162 3816 Polyaen.
2195 3752 2244 3803 4.
2277 3754 2324 3802 3.
2356 3753 2452 3816 293
2484 3741 2652 3817 Ἀρια-

298 3809 409 3866 soll
445 3811 739 3866 welleicht
774 3813 885 3868 den
911 3814 1137 3886 Margus
1166 3817 1421 3887 (Mur-g·
1532 3813 1738 3887 μάζης,
1766 3817 1950 3874 Strab.
1979 3836 2034 3887 p.
2055 3823 2179 3873 517.
2231 3818 2428 3873 Dieser
2453 3819 2655 3873 Felsen

296 3882 480 3964 hab).
530 3883 899 3951 bezeichnen,
970 3904 1082 3942 von
1150 3886 1422 3942 welchem
1528 3889 1630 3958 lag
1681 3889 1828 3944 nach
1883 3889 1991 3943 den
2029 3891 2366 3956 gemunten
2422 3888 2653 3944 Schrift-

296 3953 557 4008 westhch
609 3954 701 4008 die
738 3955 1087 4012 Landschaft
1129 3958 1425 4029 Margiana
1530 3961 1762 4015 stellern
1798 3959 1858 4014 in
1895 3959 2204 4028 Sogdiana3
2251 3959 2454 4014 Ari-ian
2498 3960 2652 4016 iden—

293 4024 316 4077 l
402 4067 418 4093 ,
472 4023 617 4078 Plin.
664 4042 719 4079 n.
768 4026 823 4081 h.
873 4031 921 4082 6.
970 4035 1055 4084 46.
1095 4060 1162 4069 -
1200 4030 1423 4085 urbem
1528 4031 1725 4084 tificirt
1767 4030 1868 4084 ihn
1911 4032 1973 4084 in
2008 4029 2220 4084 seinem
2257 4030 2485 4085 Bericht
2526 4050 2654 4086 zum

378 4097 745 4166 arqianam
772 4121 841 4143 =
874 4097 1016 4154 ‘die
1056 4100 1257 4154 Stadt
1291 4117 1422 4170 vffion
1531 4100 1697 4156 Theil
1741 4101 1847 4156 mit
1889 4100 1990 4155 der
2035 4107 2086 4155 8.
2124 4107 2174 4156 2.
2214 4107 2284 4155 20
2330 4102 2653 4156 erwahnten

294 4165 1423 4240 Margiana'‚vgl.z.B.arceBactriana
1528 4173 1702 4227 Veste
1739 4171 1837 4226 des
1877 4170 2240 4228 Sisimithres.

296 4239 349 4316 ⁹:
383 4242 430 4292 ’1.
461 4243 519 4304 23
553 4239 869 4294 Bactriana
906 4245 1055 4296 term
1083 4241 1226 4296 oben
1254 4247 1305 4296 4.
1334 4247 1422 4309 26,
1602 4249 1651 4299 2.
1703 4241 1914 4298 XXX
1955 4243 2190 4298 stadia
2237 4269 2304 4290 =
2353 4243 2418 4316 Ἃ
2466 4244 2650 4300 Meile.

293 4305 587 4364 v1elleicht
636 4309 893 4366 derselbe
932 4309 1058 4380 Ort,
1106 4329 1179 4366 an
1222 4312 1420 4369 dessen
1527 4313 1749 4369 Ebenso
1789 4312 1990 4368 Strabo
2029 4330 2078 4368 a.
2113 4329 2161 4367 a.
2195 4314 2256 4370 Ο.

2151 4402 2224 4456 7*
