3069 4749
432 162 521 227 30
594 152 601 159 ’
1344 162 1407 229 Q.
1446 162 1669 218 couri
1704 161 1876 217 amu

327 332 395 383 18
434 346 679 409 corum,
724 344 766 389 a
812 347 941 410 quo
986 324 1499 391 introduceretur
1547 324 1626 390 ad
1671 345 1910 410 regem.
1982 324 2180 391 Forte
2218 327 2452 392 ceteris
2499 325 2787 392 dimissis

430 435 597 479 unus
627 412 949 499 Philotae,
996 414 1445 479 Parmenionis
1486 414 1666 479 filius
1701 452 1774 461 —
1809 415 2130 480 incertum
2168 436 2364 500 quam
2402 416 2486 481 ob
2525 437 2789 481 causam

432 539 517 549 ——
566 503 953 569 substiterat
995 504 1069 567 in
1120 504 1319 589 regia.
1408 501 1584 567 Huic
1628 501 1980 569 Cebalinus
2027 524 2138 569 ore
2186 504 2451 571 confuso
2510 524 2790 589 magnae

428 592 938 676 perturbationis
973 596 1165 657 notas
1210 614 1367 676 prae
1404 614 1475 657 se
1518 592 1734 659 ferens
1783 593 2019 677 aperit,
2066 615 2230 677 quae
2267 614 2346 659 ex
2389 593 2596 659 fratre
2643 615 2788 660 con·

326 688 391 737 19
428 684 715 765 peterat,
770 685 838 746 et
894 680 1034 746 sine
1095 681 1411 748 dilatione
1466 682 1756 747 nuntiari
1799 682 1941 767 regi
1996 681 2197 747 iubet.
2287 681 2586 749 Philotas
2644 704 2788 748 con-

430 770 695 835 laudato
753 790 829 835 90
884 770 1183 854 protinus
1240 771 1447 836 intrat
1494 770 1577 835 ad
1623 770 2061 836 Alexandrum
2118 771 2454 857 multoque
2509 771 2786 837 invicem

432 854 509 923 de
556 858 707 925 aliis
753 859 945 923 rebus
984 881 1281 925 sermone
1316 863 1715 945 consumpto
1760 860 1927 924 nihil
1966 880 2216 946 eorum,
2263 882 2428 945 quae
2475 882 2554 925 ex
2583 856 2786 925 Ceba-

322 955 391 1005 20
429 948 564 1013 1190
612 952 1033 1033 cognoverat,
1085 949 1366 1014 nuntiat.
1458 946 1591 1013 Sub
1645 968 1986 1032 vesperam
2042 969 2191 1013 91191
2243 947 2668 1032 prodeuntem
2715 950 2786 1013 in

428 1037 752 1102 vestibulo
797 1037 1016 1123 regiae
1054 1038 1295 1122 excipit
1340 1037 1622 1121 iuvenis,
1677 1058 1759 1101 an
1805 1036 2187 1103 mandatum
2235 1042 2536 1102 executus
2592 1036 2785 1120 foret,

321 1134 386 1182 21
427 1124 781 1210 requirens.
870 1124 995 1190 Ille
1041 1148 1177 1191 non
1221 1148 1486 1192 vacasse
1534 1126 1821 1191 sermoni
1866 1147 1998 1191 suo.
2037 1144 2258 1209 regem
2306 1130 2610 1191 causatus
2655 1125 2786 1189 dis-

426 1214 640 1278 cessit.
729 1212 1003 1280 Postero
1061 1214 1164 1279 die
1211 1213 1563 1281 Cebalinus
1620 1214 1905 1280 venienti
1957 1214 2028 1278 in
2069 1215 2320 1300 regiam
2374 1216 2636 1298 praesto
2685 1216 2790 1277 est

426 1302 907 1388 intrantemque
946 1303 1253 1370 admonet
1295 1303 1503 1387 pridie
1542 1303 2059 1369 communicatae
2096 1325 2242 1368 cum
2289 1303 2433 1387 ipso
2479 1303 2593 1367 rei.
2660 1301 2786 1366 Ille

426 1412 615 1456 curae
672 1392 802 1456 sibi
856 1414 1000 1457 9999
1052 1392 1427 1476 respondet:
1483 1414 1559 1457 ac
1604 1414 1685 1457 ne
1730 1396 1872 1455 tum
1930 1392 2189 1478 quidem
2235 1392 2406 1477 regi,
2462 1412 2627 1475 quae
2674 1412 2788 1455 au-

431 1480 668 1564 dierat,
713 1481 941 1564 aperit.
1034 1478 1353 1565 Coeperat
1400 1477 1715 1546 Cebalino
1762 1502 1902 1546 esse
1950 1485 2309 1565 suspectus
2382 1479 2611 1565 Itaque
2655 1500 2790 1543 non

320 1586 387 1635 22
426 1568 599 1633 ultra
661 1570 1207 1654 interpellandum
1266 1573 1455 1635 ratus
1509 1568 1720 1635 nobili
1781 1570 1999 1635 iuveni
2061 1605 2142 1616 -
2199 1568 2461 1634 Metron
2525 1570 2663 1633 erat
2727 1568 2788 1632 ei

425 1678 665 1723 nomen
694 1695 778 1704 ——
810 1680 1002 1743 super
1040 1660 1616 1724 armamentarium
1661 1658 1878 1743 posito
1888 1709 1906 1744 ,
1953 1659 2125 1744 quod
2169 1659 2376 1723 scelus
2423 1658 2787 1742 pararetur,

320 1765 388 1814 23
428 1746 691 1811 indicat.
789 1745 913 1812 Ille
970 1745 1281 1812 Cebalino
1340 1747 1411 1812 in
1465 1747 1971 1813 armamentario
2039 1746 2420 1812 abscondito
2485 1744 2786 1830 protinus

320 1854 389 1903 24
428 1834 843 1919 regi‘corpus
888 1836 1062 1902 forte
1101 1837 1380 1920 curanti,
1426 1837 1583 1921 quid
1629 1836 1822 1901 index
1858 1836 2227 1919 detulisset,
2273 1834 2574 1901 ostendit.
2645 1831 2788 1897 Rex
2807 1831 2899 1897 27

427 1923 508 1988 ad
554 1924 1202 2008 conprehendendum
1246 1924 1579 2009 Dymnum
1633 1916 1854 1989 missis
1912 1924 2304 1990 satellitibus
2357 1925 2785 1989 armamenta-

424 2015 593 2078 rium
653 2014 879 2079 intrat.
969 2014 1072 2079 Ibi
1120 2012 1465 2079 Cebalinus
1522 2012 1763 2100 gaudio
1809 2013 2048 2099 elatus,
2096 2012 2348 2078 ‘Habeo
2393 2011 2503 2097 te',
2553 2010 2788 2094 inquit,

318 2124 388 2173 25
427 2099 843 2167 ‘incolumem
879 2123 955 2166 ex
990 2103 1318 2187 inpiorum
1355 2102 1657 2167 manibus
1687 2101 2028 2185 ereptum'.
2096 2101 2518 2166 Percontatus
2557 2098 2786 2164 deinde

424 2188 819 2268 Alexander,
862 2212 1027 2274 quae
1062 2191 1386 2256 noscenda
1422 2194 1637 2271 erant,
1675 2190 1899 2255 ordine
1937 2194 2169 2255 cuncta
2207 2190 2558 2275 cognoscit.
2620 2186 2784 2251 Rur-

428 2300 666 2363 susque
702 2278 949 2343 institit
986 2300 1323 2363 quaerere,
1366 2282 1603 2362 quotus
1643 2277 1779 2344 dies
1819 2284 2018 2362 esset,
2065 2300 2145 2342 ex
2183 2299 2309 2363 quo
2347 2275 2784 2344 Nicomachus

320 2391 388 2440 26
429 2368 511 2432 ad
557 2389 706 2432 eum
763 2366 1108 2432 detulisset
1161 2366 1492 2434 indicium.
1581 2365 1798 2452 Atque
1848 2365 1964 2431 illo
2010 2367 2286 2450 fatente,
2341 2368 2474 2433 iam
2519 2363 2786 2430 tertium

428 2475 597 2538 esse,
645 2454 1055 2539 existimans,
1099 2455 1275 2521 haud
1312 2456 1688 2539 incorrupta
1723 2455 1851 2519 fide
1885 2457 2076 2521 tanto
2115 2458 2268 2540 post
2304 2454 2581 2539 deferre,
2618 2473 2786 2538 quae

318 2567 387 2617 27
430 2543 751 2626 audierat,
797 2541 1032 2608 vinciri
1070 2565 1218 2609 eum
1255 2543 1465 2609 iussit.
1536 2543 1660 2608 Ille
1697 2543 2035 2608 clamitare
2073 2543 2314 2628 coepit,
2353 2543 2578 2608 eodem
2622 2547 2784 2605 tem-

424 2632 604 2716 poris
628 2635 977 2716 momento,
997 2654 1125 2717 quo
1146 2633 1451 2716 audisset,
1481 2633 1564 2697 ad
1581 2631 1891 2697 Philotan
1920 2632 2304 2698 decurrisse:
2334 2633 2416 2697 ab
2442 2654 2517 2697 eo
2542 2631 2784 2715 operiri

420 2843 569 2910 πεῖς)
615 2857 818 2912 399099
860 2842 1165 2913 allerdings
1204 2843 1369 2898 einen
1403 2843 1548 2899 Vor-

421 2929 590 2983 rang,
634 2912 771 2968 91191·
814 2912 875 2967 19
920 2913 1145 2968 keinem
1179 2913 1339 2969 Falle
1383 2914 1547 2970 hatte

424 2983 505 3039 sie
532 2981 989 3039 ausschliesslich
1026 2985 1137 3039 den
1154 2984 1550 3040 Wachtdienst

422 3054 573 3110 beim
608 3054 811 3125 Konig.

497 3131 578 3181 19.
616 3131 1017 3195 consumpta.
1082 3126 1212 3196 Vgl.
1244 3125 1377 3181 Sall.
1415 3126 1544 3197 Jug.

423 3201 493 3251 25
564 3197 792 3252 multam
856 3199 1155 3252 orationem
1218 3212 1542 3252 consumere.

423 3265 586 3322 Sinn:
608 3267 1384 3324 Philot.verschwendete
1402 3267 1550 3324 viole

424 3335 622 3392 Worte
676 3339 818 3393 fiber
870 3339 1044 3394 andro
1092 3337 1277 3408 Dinge
1290 3378 1304 3406 ,
1358 3338 1551 3394 indem

425 3425 486 3463 er
523 3424 655 3463 vom
688 3407 1073 3478 Wichtigsten
1110 3407 1373 3478 schwieg.

493 3485 581 3534 21.
655 3494 857 3549 saper
949 3480 1550 3535 armamentarium

412 3551 701 3677 mim.
720 3548 1055 3675 “IS-{zon-die
1077 3547 1356 3676 0139911191·
1374 3565 1550 3676 saguezioi

541 3637 573 3676 o
776 3637 797 3674 1
870 3638 911 3686 ι,
936 3637 1113 3690 tmper
1172 3637 1317 3677 orem
1334 3637 1451 3690 pop

411 3708 620 3762 ponere
662 3689 753 3745 fiir
798 3692 1147 3758 constituere,
1189 3708 1546 3762 praeponere.

336 3795 347 3806 ·
420 3762 526 3818 Die
593 3759 1000 3817 Schriftsteller
1071 3763 1172 3817 der
1235 3762 1549 3819 Kaiserzeit

422 3833 697 3904 sprechen
740 3849 852 3888 von
887 3831 1071 3887 einem
1120 3833 1347 3890 liberm
1381 3850 1548 3904 saper

420 3905 761 3987 hereditates·
801 3905 1057 3988 positus&
1116 3903 1300 3959 einem
1360 3921 1549 3960 servus

420 3990 596 4102 Ἣ
606 3979 886 4114 133¹?
898 3979 1217 4127 &mn
1238 3974 1549 4100 ff‘iigssssssi

424 4115 611 4172 Smne.
693 4116 823 4186 Vgl.
870 4116 1137 4187 fibi-:gens
1186 4117 1251 4171 in
1296 4117 1549 4172 custodia

423 4188 581 4241 amai·
600 4188 819 4255 positas
867 4186 979 4242 Cic.
1026 4206 1081 4258 p.
1128 4186 1271 4243 Mur.
1320 4193 1390 4242 64
1430 4186 1547 4241 und

426 4251 521 4378 ἐωξὶ
539 4257 758 4380 σὲἓλλῶν
782 4274 843 4312 σε
866 4253 1215 4328 καταστήσω,
1236 4273 1320 4313 ev.
1341 4257 1544 4313 Matth.

1729 2847 1815 2897 23.
1844 2857 2092 2911 corpus
2129 2842 2421 2898 curanti.
2474 2841 2638 2896 Nach
2665 2845 2716 2895 9.
2747 2845 2785 2894 9

1654 2911 1860 2968 badete
1897 2929 1959 2968 er
1993 2912 2218 2983 gerade.

1726 2987 1812 3038 25.
1858 2984 2143 3039 institit.
2225 2983 2411 3038 Ueber
2462 2983 2573 3038 den
2622 2981 2779 3036 infin.

1654 3072 1697 3109 9.
1732 3053 1878 3108 Ε191.
1916 3058 1948 3119 ξ
1987 3059 2058 3108 34
2093 3053 2149 3108 b.
2189 3072 2242 3106 α.
2315 3052 2666 3123 Eigentlich:
2714 3069 2775 3106 er

1651 3125 1892 3180 bestand
1947 3123 2049 3178 auf
2097 3123 2307 3177 seinem
2352 3123 2573 3192 Fragen
2622 3123 2676 3176 d.
2722 3123 2779 3177 11.

1654 3212 1714 3250 91·
1741 3193 1978 3263 drangte
2005 3191 2114 3247 mit
2130 3193 2350 3262 Fragen
2375 3191 2436 3246 in
2462 3191 2576 3248 ihn.
2626 3191 2781 3248 Rur-

1655 3281 1850 3334 susque
1893 3265 1971 3320 ist
2017 3261 2269 3318 dadurch
2313 3261 2596 3329 motivirt,
2647 3263 2786 3318 dass

1655 3335 1764 3391 mit
1789 3339 1988 3392 cuncta
2015 3333 2289 3404 coynoscit
2315 3332 2416 3387 das
2441 3332 2666 3388 Vei-hor
2693 3334 2784 3390 als

1654 3406 1924 3478 beendigt
1965 3403 2296 3462 bezeichnet
2328 3420 2462 3459 war.
2511 3434 2568 3442 —
2613 3419 2785 3474 qaae

1656 3479 1992 3534 audierat.
2065 3474 2286 3530 Ebenso
2338 3475 2439 3529 der
2476 3473 2779 3544 objektivi·

1654 3549 1826 3604 rende
1888 3545 2174 3604 Indikativ
2236 3550 2268 3612 ξ
2334 3551 2401 3601 16
2467 3551 2777 3614 99991191·αὴ

1654 3624 1686 3686 ξ
1744 3624 1809 3674 18
1865 3623 2211 3689 conpererat,-
2274 3623 2304 3684 ξ
2363 3622 2431 3670 21
2493 3617 2751 3672 audierat
2757 3637 2783 3684 ‚-

1656 3690 1909 3761 dagegen
1949 3695 1980 3756 ς
2018 3695 2086 3745 23
2124 3688 2262 3758 qaid
2297 3688 2589 3744 detulisset.

1726 3766 1812 3818 2⁷.
1859 3761 2135 3830 operiri.
2215 3757 2289 3814 So
2341 3757 2559 3828 spricht
2603 3758 2778 3813 9911011

1656 3831 1850 3887 Cicero
1895 3849 2008 3886 von
2050 3847 2136 3886 res
2181 3833 2400 3900 opertae
2441 3855 2509 3875 =
2556 3829 2776 3884 abscon-

1654 3904 1829 3971 ditae,
1856 3903 2073 3958 silentio
2100 3915 2339 3971 pressae.
2403 3901 2469 3954 In
2495 3898 2774 3969 gleichem

1655 3973 1827 4030 81999
1862 3975 2040 4028 unten
2068 3979 2150 4029 10.
2179 3977 2245 4026 21
2276 3975 2576 4050 operm.
2631 3967 2774 4021 Dass

1653 4044 1910 4101 Philotas
1974 4044 2102 4099 dem
2161 4043 2248 4097 Κό
2293 4043 2306 4055 “
2442 4039 2532 4092 (119
2595 4049 2772 4108 ganzo

1657 4115 1836 4172 Sache
1863 4113 2283 4184 verschwicgen
2356 4110 2459 4166 abe
2485 4108 2601 4162 und
2625 4107 2774 4162 noch

1653 4186 2060 4255 verschweige‚
2116 4184 2280 4240 ersah
2334 4179 2463 4236 Ceb.
2520 4196 2622 4262 9119
2678 4177 2778 4232 (191·

1654 4274 1869 4327 ganzen
1907 4255 2204 4321 situation.
2274 4253 2370 4308 Bis
2407 4251 2584 4306 (1911111
2617 4251 2780 4304 hatte

1653 4343 1740 4400 er,
1795 4326 2016 4402 99119191,
2070 4342 2156 4394 99,
2211 4339 2342 4380 vom
2388 4321 2627 4376 Antheil
2681 4319 2784 4376 des
