3069 4749
170 193 277 426 st

352 903 389 978 ε’
426 909 625 992 tique.

356 1369 391 1417 9
432 1352 549 1414 est.

431 124 561 188 112

1338 124 1401 191 Q.
1442 121 1664 178 CURTI
1697 121 1874 179 RUFI

350 309 388 358 6
428 291 545 354 est.
638 285 1203 371 Scrutantemque‚
1256 307 1415 350 num
1470 286 1572 351 ira
1617 286 1884 351 deorum
1931 285 2014 350 ad
2058 287 2316 350 tantum
2361 285 2546 352 nefas
2595 291 2784 354 actus

352 377 410 384 ’“
427 398 568 442 esse
609 427 628 460 ‚
681 375 857 440 subit
912 375 1426 440 anniversarium
1484 374 1870 440 sacrificium
1927 373 2162 440 Libero
2211 373 2397 439 Patri
2450 396 2583 442 non
2639 397 2787 442 esse

427 464 753 530 redditum
800 467 1046 528 statuto
1092 466 1419 547 tempore:
1464 463 1686 547 itaque
1733 463 1906 528 inter
1941 463 2166 529 vinum
2203 466 2272 527 et
2315 464 2540 548 epulas
2587 464 2788 530 caede

355 575 388 623 ’τ
428 552 779 620 commissa
841 553 1009 616 iram
1073 551 1179 616 dei
1240 552 1443 617 fuisse
1506 551 1944 618 manifestam.
2052 550 2353 617 Ceterum
2428 552 2640 639 magis
2707 575 2788 619 eo

426 642 836 725 movebatur,
883 640 1054 725 quod
1101 641 1391 705 omnium
1439 641 1797 705 amicorum
1843 640 2094 706 animos
2131 640 2397 705 videbat
2434 642 2787 707 attonitos:

424 730 750 796 neminem
798 751 945 795 cum
1000 730 1144 812 ipso
1192 729 1439 794 sociare
1484 749 1850 794 sermonem
1895 732 2128 813 postea
2175 751 2510 795 ausurum:
2570 730 2788 796 viven-

428 820 581 884 dum
620 839 761 883 esse
806 818 877 882 in
914 817 1261 882 solitudine
1299 817 1480 883 velut
1525 816 1702 883 ferae
1746 816 1993 882 bestiae
2030 819 2302 883 terrenti
2339 817 2503 883 alias
2551 819 2790 886 timen-

734 905 959 971 Prima
1023 905 1253 970 deinde
1316 906 1461 972 luce
1522 907 1944 972 tabernaculo
2012 927 2273 990 corpuS‚
2345 907 2513 972 sicut
2575 907 2788 973 adhuc

426 999 767 1062 cruentum
814 998 983 1079 erat,
1028 994 1222 1059 iussit
1264 995 1512 1060 inferri.
1588 994 1727 1071 Quo
1773 995 1992 1079 posito
2033 999 2185 1060 ante
2232 995 2450 1079 ipsum
2495 995 2786 1062 lacrimis

428 1083 706 1161 obortis,
770 1081 1025 1165 ‘Hanc'‚
1081 1083 1321 1167 inquit,
1376 1082 1641 1168 ‘nutrici
1695 1105 1881 1148 meae
1911 1084 2221 1169 'gratiam
2285 1084 2536 1168 rettuli,
2599 1084 2784 1150 cuius

429 1172 556 1237 duo
602 1171 723 1235 filii
768 1171 941 1255 apud
976 1171 1275 1237 Miletum
1322 1194 1440 1256 pro
1480 1193 1628 1236 mea
1673 1171 1890 1257 gloria
1928 1173 2286 1238 occubuere
2321 1175 2631 1257 mortem,
2675 1173 2786 1239 hic

427 1260 661 1344 frater,
714 1261 976 1324 unicum
1031 1261 1331 1326 orbitatis
1392 1261 1736 1345 solacium,
1797 1283 1836 1326 a
1889 1283 1993 1326 me
2045 1260 2218 1326 inter
2263 1260 2488 1345 epulas
2535 1261 2786 1326 occisus

640 1347 780 1424 Quo
832 1370 1007 1414 nunc
1064 1370 1133 1414 se
1180 1348 1473 1415 conferet
1528 1350 1811 1414 misera?
1895 1349 2215 1415 Omnibus
2263 1350 2402 1414 eius
2457 1371 2624 1415 unus
2681 1371 2787 1416 su-

426 1457 714 1523 persum,
762 1458 953 1521 quem
992 1439 1206 1502 solum
1246 1439 1467 1522 aequis
1507 1437 1715 1504 oculis
1751 1438 1970 1503 videre
2010 1459 2144 1503 non
2187 1439 2451 1521 poterit.
2523 1438 2614 1504 Et
2661 1459 2786 1524 ego

430 1531 835 1592 servatorum
872 1547 1165 1592 meorum
1205 1525 1406 1611 latm,
1441 1529 1735 1592 revertar
1771 1527 1839 1592 in
1874 1527 2185 1610 patriam,
2221 1530 2295 1591 ut
2330 1549 2413 1592 ne
2451 1526 2786 1592 dexteram

428 1614 689 1699 quidem
732 1615 970 1679 nutrici
1018 1615 1158 1679 sine
1204 1616 1521 1680 memoria
1569 1615 1964 1681 calamitatis
2013 1615 2152 1680 eius
2199 1616 2429 1680 offerre
2483 1616 2733 1700 possim
2745 1615 2784 1680 1³

321 1723 388 1772 10
425 1703 515 1768 Et
560 1724 707 1768 cum
751 1701 901 1767 finis
944 1703 1232 1768 lacrimis
1280 1703 1708 1788 querellisque
1753 1725 1888 1768 non
1933 1703 2144 1788 fieret,
2198 1703 2382 1768 iussu
2429 1704 2788 1769 amicorum

322 1813 385 1860 11
428 1813 661 1875 corpus
686 1791 1004 1857 'ablatum
1051 1796 1169 1858 est.
1258 1791 1399 1856 Rex
1452 1792 1742 1856 triduum
1801 1793 2002 1858 iacuit
2060 1793 2370 1857 inclusus.
2461 1792 2670 1869 Quem
2715 1797 2790 1858 ut

428 1881 733 1966 armigeri
780 1880 1194 1964 corporisque
1242 1880 1543 1946 custodes
1591 1879 1672 1944 ad
1728 1881 2134 1946 moriendum
2192 1881 2600 1946 obstinatum
2647 1902 2785 1946 esse

426 1971 896 2053 cognoverunt,
941 1969 1227 2034 universi
1272 1969 1342 2032 in
1386 1969 1881 2034 tabernaculum
1926 1969 2313 2053 inrumpunt
2357 1970 2597 2054 diuque
2644 1990 2786 2054 pre-

426 2059 609 2122 cibus
665 2057 957 2142 ipsorum
1012 2057 1407 2124 reluctatum
1462 2078 1658 2143 aegre
1710 2058 2034 2140 vicerunt,
2095 2061 2170 2122 ut
2235 2058 2452 2123 cibum
2508 2062 2784 2142 caperet.

427 2302 501 2371 (V
502 2301 1003 2372 erwiinsehungen)
1022 2323 1035 2368 ς
1104 2301 1404 2371 jedenfalls
1476 2302 1555 2357 ist

424 2373 586 2428 nicht
596 2390 671 2427 an
679 2372 771 2428 die
781 2372 1052 2427 aunachst
1058 2374 1259 2428 vorher
1270 2373 1557 2429 erwahnte

424 2444 749 2498 bestimmte
778 2442 1027 2497 einzelne
1044 2440 1198 2498 Bitte
1222 2462 1289 2498 zu
1313 2444 1553 2513 denken,

368 2536 388 2551 ·
426 2530 543 2569 was
600 2514 763 2568 einen
817 2514 1199 2569 lacherlichen
1245 2514 1556 2572 Gedanken

428 2584 672 2654 ergeben
694 2584 901 2638 wurde.
919 2586 1554 2641 -anniversarium

428 2655 535 2710 wie
562 2660 613 2709 4.
644 2660 693 2710 2.
726 2661 793 2709 10
822 2655 929 2709 mit
952 2670 1188 2713 sacr-tom.
1242 2658 1351 2711 Zur
1371 2656 1554 2712 Sache

428 2744 471 2781 s.
509 2728 635 2783 Art.
672 2732 721 2781 4.
761 2732 795 2781 8
831 2744 885 2780 u.
924 2732 975 2779 9.
1006 2756 1073 2767 -
1108 2728 1292 2783 inter
1326 2728 1555 2783 vinum

427 2802 488 2852 et
524 2799 761 2867 epulas
796 2795 931 2867 (vgl.
970 2798 1116 2853 inter
1151 2800 1343 2869 epulas
1378 2799 1556 2854 unten

428 2874 459 2934 ἓ
498 2873 529 2922 8
567 2886 621 2923 u.
660 2875 709 2923 3.
748 2874 831 2951 ¹².-
866 2874 929 2936 93
965 2869 1113 2923 inter
1146 2872 1399 2940 scyphos,
1438 2868 1554 2924 Cic.

426 2944 770 3081 3542}AE?
786 2941 887 3064 133}
918 2939 1554 3067 {2202312023330512322

426 3080 590 3149 saud,
654 3081 848 3137 wollte
916 3098 1048 3136 man
1102 3080 1267 3137 einen
1322 3082 1554 3137 Schluss

428 3152 667 3206 macheu
715 3150 819 3206 auf
863 3151 955 3206 die
1004 3153 1279 3222 gottliche
1323 3153 1554 3221 Person,

428 3222 644 3277 welche
666 3222 911 3277 dieselbe
934 3222 1361 3292 herbeigefflhrt
1388 3224 1553 3279 habe.

426 3293 599 3359 fuisse
634 3292 983 3359 manifestam
1019 3319 1087 3339 ==
1124 3294 1408 3364 φανῆναι,
1436 3294 1556 3361 {sei

429 3362 755 3418 offenbar
785 3365 1175 3433 geworden‚
1213 3366 1362 3432 oder,
1390 3383 1557 3420 wenn

428 3450 563 3488 man
616 3435 811 3500 manif.
880 3434 988 3489 mit
1040 3436 1188 3491 iram
1240 3436 1554 3506 verbindet‚

427 3504 600 3573 fuisse
664 3530 733 3551 ==
798 3504 898 3559 sei
968 3506 1367 3563 voi-handen
1439 3524 1554 3578 ge-

428 3576 920 3703 }ese2n,29ha4.be
974 3578 1395 3649 vorgelegen
1448 3578 1556 3633 wie

476 3664 549 3701 iv.
628 3688 641 3701 .
753 3690 766 3704 .
844 3690 855 3701 .

504 3724 551 3773 7.
590 3719 853 3773 sociare
886 3733 1261 3776 sermonem.
1330 3719 1558 3776 Sociare

428 3790 659 3857 qaudia,
688 3790 937 3856 consilia,
968 3798 1190 3846 mortem
1216 3808 1341 3846 cum
1366 3793 1556 3861 aliquo

427 3860 506 3912 ist
532 3859 790 3930 poetisch
807 3860 923 3914 und
948 3862 1383 3941 nachclassisch²
1406 3860 1555 3917 doch

428 3930 508 3984 ist
553 3929 762 4000 analog
808 3930 919 3987 Cic.
968 3950 1020 4001 p.
1067 3932 1258 3989 Plane.
1298 3939 1365 3987 ’13
1402 3935 1555 4002 peri·

430 4002 616 4056 culwm
666 4003 813 4056 vitae
863 4017 999 4057 suae
1052 4020 1177 4057 cum
1231 4005 1419 4073 aliquo
1470 4019 1556 4059 so-

430 4073 593 4127 ciare.
624 4102 692 4113 -—-
721 4074 1128 4143 umentique.
1193 4090 1297 4144 que
1322 4100 1391 4120 =
1419 4075 1554 4129 ‘be-

430 4142 890 4197 ziehentlich’
932 4144 1041 4198 wie
1074 4150 1123 4200 5.
1163 4150 1209 4200 1.
1250 4151 1318 4200 3⁷
1349 4162 1554 4214 paren-

430 4216 511 4266 tes
553 4214 875 4283 maritique;
896 4218 900 4222 '
920 4214 1041 4271 Liv.
1088 4221 1138 4269 3.
1182 4220 1268 4271 56.
1311 4223 1376 4271 13
1423 4234 1553 4286 sup-

423 4283 813 4349 primebantur
846 4286 1309 4357 vitiabanturque.

324 2166 387 2214 12
428 2145 695 2230 Quoque
740 2146 955 2211 minus
1004 2145 1219 2211 caedis
1266 2147 1570 2230 puderet,
1622 2146 1762 2210 iure
1817 2145 2235 2212 interfectum
2283 2144 2530 2238 Clitum
2575 2145 2784 2212 Mace-

1735 2309 1785 2358 8.
1821 2302 2002 2357 sicut
2031 2320 2083 2357 a.
2103 2319 2146 2358 c.
2177 2307 2344 2369 erat,
2373 2301 2785 2372 Wortstellung

1660 2372 1767 2430 wie
1823 2379 1874 2429 9.
1931 2380 1980 2431 7.
2028 2380 2123 2441 103
2182 2380 2265 2429 10.
2316 2381 2368 2430 4.
2415 2380 2474 2441 2;
2531 2373 2790 2444 dagegen

1660 2446 1828 2500 simoti
1853 2450 1972 2501 erat
1999 2450 2228 2501 cruenta
2253 2450 2392 2500 veste
2419 2446 2594 2500 unten
2621 2450 2671 2500 3.
2703 2451 2787 2499 10.

1663 2548 1730 2557 --
1786 2518 2082 2586 qratiam
2135 2517 2392 2571 rettuli.
2478 2514 2641 2570 Auch
2691 2515 2788 2571 bei

1661 2587 1868 2641 Arrian
1918 2588 2086 2657 klagt
2128 2588 2287 2643 Alex,
2347 2582 2422 2649 ὥς
2469 2582 2614 2641 καλοὶ
2674 2582 2787 2655 ἄρα

1662 2659 1751 2725 εἴη
1788 2652 1934 2730 αὐτῇ
1960 2660 2220 2727 (naemei)
2251 2663 2495 2727 τροφεῖα
2531 2652 2788 2712 ἀποτετι-

1662 2724 1802 2798 κῶς,
1854 2721 1892 2798 ἦ
1938 2748 2001 2798 γε
2049 2724 2182 2792 τούς
2229 2726 2333 2799 μὲν
2388 2729 2602 2791 παῖδας
2641 2723 2786 2798 ὑπὲρ

1663 2794 1843 2853 αὖτοῦ
1917 2799 2273 2887 μαχομένους
2347 2795 2578 2853 ἐπεῖδεν
2643 2794 2788 2854 ἄπο-

1661 2865 1980 2939 θανόντας,
2025 2890 2126 2924 τον
2181 2866 2438 2939 ἀδελφὸν
2489 2868 2556 2925 δὲ
2613 2864 2790 2938 αὐτῆς

1663 2936 1838 3003 αὐτὸς
1874 2937 2202 3014 αὐτοχειρίᾳ
2242 2939 2510 2996 ἔκτεινεν.

1735 3034 1784 3083 9.
1832 3030 2137 3085 omnibus
2183 3031 2355 3097 eius,
2408 3028 2582 3083 ‘allen
2625 3028 2788 3084 ihren

1661 3098 2108 3169 Angehorigen'.
2201 3100 2275 3156 So
2381 3102 2514 3155 auci·
2571 3102 2664 3155 sui
2717 3126 2786 3146 =

1652 3172 1830 3240 pauci
1875 3185 1902 3223 e
1936 3172 2084 3237 suis,
2131 3170 2286 3227 Caes.
2367 3212 2380 3225 .
2419 3187 2466 3226 c.
2508 3178 2554 3225 1.
2597 3177 2688 3237 193
2735 3177 2787 3227 3.

1663 3246 1750 3296 96.
1789 3271 1856 3281 -
1896 3243 2128 3312 aequis
2173 3243 2391 3298 oculis
2437 3258 2500 3296 so
2544 3242 2659 3297 viel
2704 3242 2789 3297 als

1663 3328 1840 3381 aequa
1875 3319 2062 3369 mente.
2094 3344 2164 3353 —
2203 3315 2381 3369 latro
2410 3338 2478 3359 =
2501 3329 2790 3383 percussor

1663 3383 1768 3437 wie
1807 3389 1858 3439 7.
1897 3389 1946 3439 8.
1989 3389 2072 3441 19.

1739 3478 1820 3528 10.
1879 3472 2219 3527 lacrimis
2272 3473 2788 3543 querellisque.

1663 3542 1850 3598 Ueber
1887 3542 1997 3597 den
2033 3543 2148 3597 dat.
2187 3561 2232 3597 s.
2267 3543 2415 3599 Einl.
2455 3548 2486 3609 ς
2523 3549 2591 3599 28
2629 3560 2680 3597 a.
2718 3573 2790 3586 —

1661 3614 1990 3669 inclusus.
2082 3614 2247 3669 Nach
2311 3619 2362 3669 8.
2423 3621 2490 3669 22
2553 3616 2788 3670 trostete

1662 3684 1760 3738 ihn
1815 3684 1875 3738 in
1931 3683 2110 3739 dieser
2156 3683 2278 3740 Zeit
2333 3685 2432 3741 der
2475 3684 2789 3756 Philosoph

1665 3754 2063 3824 Callisthenes,
2145 3772 2261 3811 was
2341 3756 2465 3810 hier
2536 3758 2792 3811 erwahnt

1664 3826 1890 3881 werden
1925 3826 2155 3881 musste.

1739 3920 1821 3970 11.
1868 3914 2278 3971 reluctatum
2331 3934 2373 3971 s.
2422 3924 2472 3972 6.
2519 3922 2568 3971 2.
2621 3923 2670 3972 6.
2719 3946 2788 3957 --

1661 3987 2002 4052 vicerunt,
2036 3991 2124 4042 ut.
2183 3985 2256 4042 So
2295 3988 2425 4057 sagt
2460 3986 2592 4043 Hor.
2625 3987 2787 4057 epod.

1666 4061 1750 4113 1⁵1.
1789 4063 1857 4112 2⁷
1894 4058 2086 4113 vincor
2128 4062 2193 4111 ut
2227 4059 2445 4113 credam
2487 4059 2606 4112 und
2651 4058 2791 4113 alm·

1661 4127 1778 4183 lich
1833 4128 1954 4185 Liv.
2003 4134 2052 4185 5.
2106 4134 2192 4183 36.
2240 4136 2274 4184 8
2327 4129 2566 4185 seniores
2617 4130 2793 4185 cicere

1660 4201 1755 4264 (==
1791 4199 2169 4269 impetravere)
2202 4204 2267 4255 ut
2301 4201 2662 4257 mitterentur.

1736 4292 1818 4343 12.
1857 4304 2112 4357 quoque
2147 4312 2215 4333 ==
2251 4292 2304 4342 et
2338 4302 2471 4357 quo,
2521 4289 2628 4344 wie
2663 4289 2789 4345 Liv.
