3069 4749
416 142 551 207 204
1336 149 1397 211 Q.
1438 149 1660 200 cuma
1675 149 1869 227 ,Rura

346 316 378 366 6
416 306 554 370 vari
601 326 776 370 eum:
824 306 899 391 si,
930 306 1009 371 'id
1058 308 1229 393 quod
1275 310 1618 389 timebant,
1662 308 2100 395 proditionem
2149 312 2533 393 aspernatus
2579 314 2770 394 esset,

416 392 693 460 occisuri
728 394 1015 461 Dareum
1054 400 1121 461 et
1145 396 1385 463 Bactra
1422 420 1571 463 cum
1609 420 1874 463 suarum
1912 398 2207 483 gentium
2245 419 2444 462 manu
2479 398 2769 481 petituri.

347 494 377 543 7
418 481 727 549 Ceterum
782 485 1123 570 propalam
1180 486 1615 570 conprehendi
1663 486 1914 552 Dareus
1970 508 2108 553 non
2162 489 2426 570 poterat
2469 490 2573 551 tot
2616 485 2770 552 Per-

418 594 639 637 sarum
687 573 953 639 milibus
1001 575 1231 640 laturis
1279 598 1467 659 opem
1515 576 1682 661 regi:
1741 574 2138 641 Graecorum
2185 596 2442 660 quoque
2487 574 2647 641 fides
2691 578 2773 641 ti-

346 671 378 721 8
416 661 733 726 mebatur.
827 661 1057 747 Itaque
1103 664 1273 749 quod
1320 664 1385 728 vi
1429 686 1565 730 non
1609 668 1935 748 poterant,
1975 663 2204 729 fiaude
2250 662 2522 747 adsequi
2565 668 2774 749 temp-

416 753 589 814 tant:
626 751 1097 834 paenitentiam
1134 753 1516 818 secessionis
1557 753 1870 819 simulare
1906 752 2328 819 decreverant
2363 756 2432 817 et
2459 774 2767 819 excusare

419 838 593 922 apud
636 860 859 925 regem
906 843 1503 907 consternationem
1549 864 1754 907 suam.
1825 841 2115 925 Interim,
2159 842 2271 926 qui
2317 839 2550 906 Persas
2599 842 2774 907 solli-

349 938 381 987 9
420 927 724 1006 citarent,
785 928 1155 995 mittuntur.
1246 930 1417 996 Hinc
1482 952 1626 1015 spe,
1691 931 1846 995 hinc
1900 932 2080 995 metu
2133 930 2453 995 militares
2519 931 2772 995 animos

419 1018 714 1080 versant:
759 1017 984 1083 ruinae
1029 1039 1246 1085 rerum
1294 1020 1570 1085 subdere
1613 1020 1762 1084 illos
1809 1020 2044 1103 capita,
2087 1018 2156 1083 in
2193 1018 2542 1103 perniciem
2576 1020 2773 1102 trahi,

420 1126 566 1170 cum
612 1103 851 1170 Bactra
897 1109 1169 1190 pateant
1214 1112 1562 1193 exceptura
1607 1130 1718 1173 eos
1765 1108 1957 1173 bonis
2006 1111 2072 1171 et
2117 1106 2482 1191 opulentia,
2537 1107 2770 1173 animis

315 1203 382 1253 10
424 1214 620 1279 quam
696 1195 1033 1281 concipere
1100 1218 1235 1261 non
1307 1199 1582 1282 possint.
1683 1194 1864 1263 Haec
1938 1195 2341 1281 agitantibus
2405 1195 2772 1263 Artabazus
2791 1193 2881 1258 29

422 1283 794 1366 supervenit
850 1283 985 1350 sive
1040 1285 1211 1370 regis
1269 1286 1451 1351 iussu
1510 1286 1646 1350 sive
1703 1308 1821 1350 sua
1877 1288 2108 1369 sponte
2165 1284 2545 1369 adfirmans,
2603 1285 2774 1351 miti-

422 1374 647 1455 gatum
692 1392 834 1437 esse
880 1370 1165 1438 Dareum
1212 1378 1280 1438 et
1326 1374 1600 1454 eundem
1655 1375 1788 1439 illis
1837 1372 2160 1439 amicitiae
2216 1372 2490 1457 gradum
2550 1378 2774 1457 patere

319 1470 386 1519 11
428 1459 599 1543 apud
636 1480 879 1545 regem.
932 1460 1040 1527 Illi
1077 1462 1491 1529 lacrimantes
1526 1485 1700 1529 nunc
1736 1483 2018 1548 purgare
2056 1484 2142 1547 se,
2177 1474 2352 1526 nunc
2378 1462 2775 1527 Artabazum

323 1558 388 1608 12
428 1569 641 1631 orare,
701 1552 775 1614 ut
830 1571 1092 1615 causam
1148 1556 1436 1635 ipsorum
1492 1555 1788 1617 tueretur
1841 1572 2193 1636 precesque
2246 1550 2578 1635 perferret.
2670 1549 2776 1617 Sic

427 1641 693 1721 peracta
745 1644 939 1703 nocte
998 1640 1116 1704 sub
1171 1642 1337 1706 lucis
1396 1645 1694 1707 exortum
1746 1640 1984 1706 Bessus
2037 1644 2104 1703 et
2155 1637 2574 1705 Nabarzanes
2630 1660 2776 1705 cum
2813 1640 2824 1649 '

424 1723 793 1791 Bactrianis
834 1727 1153 1794 militibus
1192 1730 1261 1794 in
1298 1730 1625 1795 vestibulo
1662 1729 1975 1813 praetorii
2015 1729 2300 1812 aderant,
2345 1728 2609 1793 titulum
2649 1730 2774 1793 sol-

423 1814 662 1879 lemnis
720 1814 921 1880 officii
977 1818 1231 1883 occulto
1298 1819 1523 1884 sceleri
1586 1817 2044 1904 praeferentes,
2134 1816 2388 1882 Dareus
2443 1818 2636 1901 signo
2693 1816 2775 1882 ad

320 1915 386 1965 13
426 1902 707 1967 eundum
770 1904 924 1971 dato
982 1927 1242 1972 currum
1296 1908 1580 1991 pristino
1634 1929 1814 1973 more
1874 1904 2267 1972 conscendit.
2357 1904 2776 1971 Nabarzanes

425 1992 749 2078 ceterique
793 1994 1158 2078 parricidae
1203 1997 1705 2079 procumbentes
1751 1996 1962 2080 humi,
2017 2016 2209 2080 quem
2267 1994 2462 2077 paulo
2508 1998 2664 2077 post
2707 1994 2776 2059 in

422 2080 697 2146 vinculis
762 2082 1055 2148 habituri
1120 2088 1329 2167 erant,
1398 2086 1765 2150 sustinuere
1828 2083 2148 2167 venerari,
2208 2082 2512 2148 lacrimas
2577 2082 2776 2147 etiam

422 2170 861 2252 paenitentiae
899 2172 1142 2237 indices
1179 2173 1634 2258 profuderuntt
1680 2172 1840 2238 adeo
1880 2171 2180 2237 humanis
2219 2170 2502 2257 ingeniis
2539 2175 2777 2255 parata

318 2272 386 2321 14
424 2257 754 2323 simulatio
830 2263 947 2325 est.
1037 2258 1271 2326 Preces
1346 2261 1574 2326 deinde
1650 2256 2031 2347 suppliciter
2105 2260 2406 2325 admotae
2469 2260 2775 2345 Dareum,

421 2348 658 2412 natura
704 2346 1067 2433 simplicem
1115 2353 1180 2414 et
1225 2350 1469 2435 mitem,
1514 2372 1652 2416 non
1698 2349 1954 2417 credere
2000 2348 2212 2434 modo,
2264 2369 2430 2434 quae
2477 2348 2776 2416 adfirma-

318 2450 384 2500 15
422 2434 609 2520 bant,
656 2436 768 2500 sed
814 2437 966 2502 flere
1022 2438 1219 2503 etiam
1267 2442 1636 2525 coegerunt.
1726 2440 1824 2506 Ac
1869 2461 1952 2504 ne
2005 2441 2147 2504 tum
2195 2438 2454 2523 quidem
2502 2439 2775 2526 cogitati

426 2525 685 2589 sceleris
730 2525 1080 2611 paenituit,
1127 2548 1271 2592 cum
1317 2529 1739 2611 intuerentur,
1786 2529 2043 2614 qualem
2083 2531 2149 2593 et
2183 2549 2404 2614 regem
2452 2531 2517 2592 et
2561 2529 2770 2594 virum

496 2757 545 2806 6.
601 2753 901 2808 occisuri
926 2769 950 2809 ·.
982 2795 994 2809 .
1025 2755 1343 2823 petituri.
1407 2753 1545 2808 Ent-

422 2822 611 2876 weder
654 2823 731 2879 ist
764 2830 926 2880 erant
970 2843 1040 2879 zu
1086 2830 1388 2895 erganzen,
1426 2843 1545 2881 was

421 2891 546 2948 hier
581 2894 754 2949 kaum
791 2896 981 2951 fehlen
1018 2894 1229 2952 kennte
1244 2938 1261 2962 ,
1308 2897 1445 2952 oder
1486 2915 1546 2952 es

421 2965 497 3020 ist
534 2965 626 3020 ein
659 2965 987 3022 Anakoluth
1024 2967 1423 3036 anznnehmen‚
1462 2965 1544 3022 in·

422 3036 553 3092 dem
573 3038 711 3092 'dem
740 3037 1146 3093 Schriftsteller
1170 3040 1387 3094 anstatt
1413 3040 1542 3109 pla-

422 3107 540 3161 cuit
575 3107 670 3162 ein
696 3108 862 3163 Wort
896 3107 1003 3164 wie
1040 3110 1392 3164 decreverunt
1419 3126 1544 3165 vor-

425 3177 725 3234 schwebte.

495 3253 545 3302 8.
587 3254 940 3319 temptant,
980 3267 1022 3306 s.
1062 3249 1123 3304 E.
1167 3255 1286 3306 118.
1328 3281 1395 3292 -
1432 3268 1542 3307 ex-

422 3335 687 3387 cusare,
744 3320 849 3375 wie
908 3319 1015 3389 oft,
1067 3320 1221 3376 ‘sich
1261 3321 1544 3378 entschul·

422 3389 593 3459 digen
627 3389 736 3445 mit
773 3392 1000 3448 etwas’.

496 3467 544 3515 9.
581 3463 921 3519 militares
956 3463 1197 3530 animi,
1237 3481 1279 3518 s.
1309 3468 1344 3517 4
1382 3469 1432 3520 2.
1458 3469 1541 3520 17.

423 3562 491 3572 -
528 3534 771 3588 rainae
818 3550 939 3590 rer.
987 3540 1188 3604 eaput
1230 3535 1541 3602 subdere,

423 3602 529 3659 wie
577 3605 718 3659 eolla
761 3603 1021 3672 fortunae
1060 3605 1287 3662 subdere
1330 3623 1384 3663 u.
1424 3605 1540 3676 dgl.

424 3703 489 3714 -
567 3675 758 3730 bonis
831 3681 892 3732 et
962 3677 1342 3746 opulentia,
1415 3675 1544 3731 mit

420 3744 785 3802 Reichtum
856 3747 991 3801 und
1058 3746 1544 3802 Herrlichkei·

420 3820 537 3873 ten
610 3818 797 3874 aller
868 3817 1007 3874 Art.
1094 3817 1223 3889 Vgl.
1298 3821 1544 3890 excipere

418 3889 653 3959 gaudio,
706 3890 921 3945 honore.
995 3889 1075 3944 Zu
1121 3891 1279 3946 bonis
1328 3891 1442 3960 vgl.
1490 3896 1546 3947 8.

422 3964 605 4088 ἓωῗὸς
648 3966 729 4017 10.
770 3965 819 4016 2.
859 3965 909 4016 5.
948 3961 1054 4017 Die
1082 3961 1293 4016 Hdsch.
1324 3961 1541 4017 haben:

534 4047 599 4087 ts.

498 4108 581 4157 10.
611 4103 898 4171 enndem‚
930 4101 1182 4158 namlich
1204 4107 1545 4172 quemantea

422 4173 747 4230 habuerant.
810 4173 917 4229 Mit
946 4180 1137 4242 patere
1172 4171 1305 4228 ffisst
1340 4173 1399 4228 G.
1440 4189 1542 4228 aus

428 4241 556 4296 dem
574 4243 729 4312 Bild3
767 4245 869 4300 das
899 4235 1137 4300 llbliche
1182 4243 1260 4298 ist
1302 4245 1540 4313 yradum

426 4316 617 4381 tenere,
655 4315 909 4371 obtinere.

1730 2760 1814 2811 11.
1834 2757 2204 2826 perferret,
2222 2755 2469 2810 namlich
2491 2756 2568 2810 ad
2585 2771 2773 2827 reyem.

1727 2851 1813 2899 12.
1878 2846 2155 2900 titulum
2193 2847 2298 2900 etc.
2349 2833 2596 2900 Ahnlich
2634 2850 2683 2900 7.
2724 2850 2774 2901 6.

1654 2920 1726 2970 20
1743 2917 1941 2972 titulus
1967 2917 2216 2983 facinori
2237 2916 2667 2986 praeferebatur.
2699 2915 2774 2972 So

1653 2987 1898 3042 braucht
1941 2988 2119 3043 sehon
2163 2987 2284 3041 Liv.
2337 2987 2563 3042 titulum
2614 2987 2775 3055 ferre,

1645 3058 2002 3126 praetendere
2016 3099 2031 3127 ‚
2103 3057 2122 3084 ‘⁸
2136 3058 2224 3112 ein
2280 3056 2773 3126 Aushangeschild

1653 3128 2022 3198 vorhangen',
2044 3127 2218 3196 desgl.
2240 3127 2559 3195 subtituto,
2585 3127 2776 3182 ‘unter

1653 3198 1833 3252 einem
1849 3196 2349 3268 Aushangeschild,
2363 3195 2684 3251 Vorwand'.
2703 3227 2771 3238 -

1651 3269 1914 3336 officii,
1966 3267 2182 3322 ‘einer
2225 3265 2778 3336 unterthanigen·

1649 3338 2167 3408 Aufwartung'3
2223 3336 2281 3392 C.
2329 3335 2506 3390 denkt
2552 3335 2773 3393 hierbei

1651 3428 1726 3466 an
1773 3410 1863 3465 die
1917 3408 2196 3465 romische
2243 3407 2413 3475 Sitte,
2468 3408 2616 3463 nach
2671 3408 2772 3464 der

1651 3481 1745 3536 die
1808 3481 2097 3536 frflhesten
2159 3477 2640 3547 Morgenstunden
2702 3498 2772 3534 zu
2873 3495 2882 3502 ·

1649 3551 1979 3608 feierlichen
2025 3549 2319 3606 Besuchen
2362 3551 2770 3621 (salutationes)

1649 3623 1880 3680 benutzt
1915 3623 2163 3678 wurden.

1725 3735 1808 3785 13.
1846 3729 2174 3798 habituri,
2202 3726 2310 3785 wie
2338 3727 2468 3784 wir:
2505 3727 2575 3782 in
2604 3728 2768 3784 Ket-

1648 3801 1765 3856 ten
1812 3818 1866 3855 u.
1913 3799 2189 3856 Banden
2233 3800 2491 3855 halten.
2536 3830 2604 3840 —
2642 3817 2772 3871 pa-

1649 3876 1842 3939 rata,
1918 3869 2312 3942 ‘gelaufig,
2393 3871 2615 3926 leicht
2694 3887 2770 3925 zu

1648 3941 1985 3999 Diensten
2022 3942 2364 4011 stehend'3
2395 3942 2770 4012 ahakparata

1642 4015 1878 4084 praeda,
1913 4014 2164 4071 victoria.

1725 4108 1812 4158 14.
1859 4103 2187 4171 admotae,
2236 4103 2386 4172 poet.
2424 4119 2477 4156 u.
2517 4099 2634 4158 nkl.
2679 4099 2771 4154 fiir

1652 4174 1953 4243 adhibitae,
1988 4175 2190 4242 factae.
2218 4204 2286 4214 —
2323 4178 2584 4229 natura
2617 4172 2769 4227 sim-

1641 4244 1905 4314 plicem.
1945 4245 2204 4301 Dieselbe
2243 4241 2689 4300 Charakteristik
2717 4247 2768 4296 3.
