3069 4749
434 121 567 188 194
1367 119 1430 187 Q.
1470 118 1690 176 cmm
1725 119 1899 176 RUFI

436 285 835 369 sumpserat,
902 305 1159 348 aereum
1224 283 1531 367 clipeum,
1604 281 1863 348 hastam
1938 303 2130 367 quam
2202 282 2478 346 sarisam
2550 288 2826 348 vocant.

436 373 624 439 laeva
675 376 933 454 tenens,
990 372 1256 436 dextera
1309 372 1604 438 lanceam
1659 371 2008 456 gladioque
2064 371 2338 454 cinctus,
2401 371 2581 436 velut
2638 393 2808 436 cum

329 473 401 524 2ο
433 462 736 554 pluribus
793 461 987 526 simul
1041 460 1479 528 dimicaturae.
1578 459 1945 544 Dioxippus
2002 460 2147 526 oleo
2209 459 2426 524 nitens
2481 463 2549 524 et
2603 481 2807 526 coro-

433 555 625 618 natus
670 551 860 616 laeva
904 549 1247 636 puniceum
1295 549 1674 634 amiculum,
1729 548 1955 616 dextra
2009 548 2296 615 validum
2341 548 2820 633 nodosumque

438 641 731 727 stipitem
760 639 1186 724 praeferebat.
1256 637 1359 704 Ea
1393 639 1542 722 ipsa
1575 659 1680 704 res
1719 638 2007 704 omnium
2045 637 2296 704 animos
2335 638 2820 721 expectatione

437 728 891 814 suspenderat,
956 727 1196 812 quippe
1261 730 1512 792 armato
1577 726 1886 812 congredi
1942 726 2186 792 nudum
2240 726 2590 810 dementia,
2651 749 2808 792 non

326 831 393 880 21
433 818 769 883 temeritas
808 816 1167 882 videbatur.
1238 815 1453 901 Igitur
1486 815 1774 899 Macedo,
1818 815 1992 880 haud
2029 815 2263 881 dubius
2302 815 2553 880 eminus
2589 816 2818 884 inter*

432 907 540 972 fici
584 928 805 992 posse,
857 905 1150 970 lanceam
1198 905 1444 970 emisit:
1502 926 1698 988 quam
1743 904 2109 988 Dioxippus
2166 925 2314 970 cum
2369 904 2602 989 exigua
2648 926 2803 971 cor-

440 997 622 1080 poris
660 993 1093 1062 declinatione
1130 993 1421 1078 vitasset,
1467 997 1815 1078 antequam
1851 992 1964 1058 ille
2001 993 2262 1060 hastam
2297 993 2683 1059 transferret
2717 995 2804 1058 in

336 1097 403 1145 22
442 1085 756 1168 dextram,
804 1083 1069 1148 adsiluit
1114 1086 1181 1146 et
1225 1082 1452 1168 stipite
1496 1081 1778 1147 mediam
1824 1104 1968 1146 eam
2013 1082 2232 1167 fregit.
2311 1081 2572 1148 Amisso
2609 1087 2813 1148 utro-

438 1195 563 1258 que
599 1173 731 1238 telo
766 1169 1033 1238 Macedo
1072 1171 1363 1256 gladium
1399 1173 1702 1255 coeperat
1739 1171 2080 1254 stringere.
2160 1169 2364 1246 Quem
2403 1175 2800 1255 occupatum

438 1260 753 1346 conplexu
830 1260 1101 1346 pedibus
1177 1263 1441 1344 repente
1509 1259 1844 1324 subductis
1905 1259 2270 1344 Dioxippus
2343 1254 2646 1326 arietavit
2719 1261 2804 1325 in

436 1354 681 1415 terram
720 1353 1069 1434 ereptoque
1107 1349 1325 1432 gladio
1362 1348 1592 1433 pedem
1631 1370 1822 1432 super
1860 1349 2175 1414 cervicem
2209 1349 2450 1413 iacenti
2476 1349 2817 1433 inposuit,

440 1439 733 1523 stipitem
790 1439 1125 1504 intentans
1184 1437 1590 1522 elisurusque
1637 1459 1712 1506 eo
1759 1438 2004 1502 victum
2011 1487 2030 1522 ,
2083 1439 2154 1502 ni
2198 1436 2566 1521 prohibitus
2613 1443 2806 1502 esset

334 1540 404 1592 23
444 1550 484 1592 a
517 1548 691 1613 rege.
774 1527 1013 1593 Tristis
1053 1526 1411 1610 spectaculi
1448 1527 1716 1592 eventus
1751 1548 1886 1592 non
1919 1525 2380 1592 Macedonibus
2417 1526 2628 1611 modo,
2658 1527 2800 1592 sed

437 1617 635 1683 etiam
678 1614 1052 1681 Alexandro
1100 1614 1251 1697 fuit,
1294 1614 1578 1680 maxime
1625 1615 1778 1700 quia
1821 1615 2088 1680 barbari
2133 1614 2500 1680 adfuerant:
2547 1615 2810 1700 quippe-

441 1705 839 1772 celebratam
902 1702 1327 1770 Macedonum
1401 1703 1853 1772 fortitudinem
1917 1703 2000 1768 ad
2063 1703 2417 1768 ludibrium
2478 1705 2796 1770 recidisse

340 1807 411 1856 24
446 1794 809 1860 verebatur.
899 1791 1073 1858 Hinc
1128 1791 1210 1856 ad
1264 1791 1787 1858 criminationem
1830 1792 2194 1859 invidorum
2243 1791 2590 1878 adapertae
2635 1797 2812 1860 sunt-

437 1882 614 1968 regis
676 1903 884 1948 aures.
980 1881 1071 1946 Et
1126 1883 1279 1964 post
1331 1902 1574 1966 paucos
1631 1881 1769 1947 dies
1833 1882 2004 1948 inter
2065 1883 2288 1966 epulas
2353 1903 2620 1947 aureum
2673 1905 2796 1966 po-

439 1973 650 2038 culum
706 1993 785 2036 ex
840 1970 1175 2054 conposito
1234 1969 1614 2036 subducitur
1667 1970 2103 2056 ministrique,
2166 1971 2353 2055 quasi
2415 1969 2806 2036 amisissent-

330 2073 401 2122 25
440 2059 611 2144 quod
677 2062 1080 2143 amoverant,
1144 2079 1369 2142 regem
1432 2058 1690 2124 adeunt.
1791 2057 1995 2144 Saepe
2055 2059 2268 2124 minus
2325 2062 2426 2123 est
2488 2064 2790 2125 constan·

435 2151 566 2214 tiae
632 2149 703 2213 in
764 2148 1001 2214 rubore
1067 2169 1261 2232 quam
1328 2148 1399 2212 in
1462 2148 1668 2231 culpa.
1779 2145 2160 2214 Coniectum
2227 2149 2586 2231 oculorum,
2650 2150 2802 2234 qui--

442 2238 567 2303 bus
619 2240 696 2303 ut
740 2237 847 2302 fur
894 2236 1365 2318 destinabatur,
1417 2234 1781 2321 Dioxippus
1828 2237 1998 2302 ferre
2042 2258 2175 2301 non
2226 2237 2448 2320 potuit
2492 2241 2585 2320 et,
2640 2259 2791 2303 cum

442 2325 828 2393 excessisset
883 2324 1207 2408 convivio,
1262 2324 1503 2393 litteris
1561 2325 1974 2410 conscriptis,
2037 2347 2202 2411 quae
2256 2326 2399 2412 regi
2449 2324 2792 2392 redderen-

332 2428 401 2478 26
442 2418 579 2497 tur,
632 2415 807 2479 ferro
856 2435 925 2480 se
969 2414 1318 2479 interemit.
1402 2412 1703 2479 Graviter
1756 2419 2035 2481 mortem
2081 2416 2218 2480 eius
2264 2415 2422 2480 tulit
2466 2438 2604 2500 rex,
2661 2418 2794 2482 exi-

438 2504 710 2568 stimans
774 2501 1243 2587 indignationis
1307 2523 1475 2586 esse,
1537 2525 1671 2568 non
1732 2504 2172 2589 paenitentiae
2235 2506 2501 2590 testem,
2563 2506 2794 2590 utique

435 2595 784 2745 postqgam
831 2590 999 2656 falso
1044 2590 1488 2657 insimulatum
1547 2614 1694 2657 eum
1747 2594 2022 2660 nimium
2066 2593 2434 2659 invidorum
2479 2594 2792 2680 gaudium

438 2685 627 2755 osten
670 2680 742 2745 it.
957 2704 961 2709 ·

438 2880 491 2929 4.
532 2879 614 2929 14.
650 2878 701 2927 5.
740 2904 807 2913 -
844 2878 1241 2943 sumpserat.
1312 2874 1416 2929 Bei
1452 2874 1562 2929 den

441 2944 743 3015 folgenden
786 2944 1107 3015 Participiis
1160 2945 1411 3001 schwebt
1458 2944 1562 2999 das

436 3016 699 3073 Resultat
754 3015 851 3071 des
902 3032 1109 3073 sumere
1162 3032 1291 3085 vor,
1350 3016 1435 3071 als
1486 3016 1560 3071 ob

437 3087 837 3157 vorherginge=
892 3088 1056 3143 iustis
1110 3088 1281 3143 amis
1330 3092 1563 3143 ornatas

445 3163 577 3218 erat.
1242 3211 1247 3217 .

508 3234 593 3285 20.
638 3230 1005 3298 puniceum
1042 3255 1110 3275 ε-
1138 3246 1563 3299 purpuream

434 3301 543 3355 wie
580 3307 629 3355 3.
668 3305 718 3354 3.
759 3306 841 3355 10.
878 3330 951 3341 -
978 3302 1419 3369 praeferebat
1454 3301 1560 3355 wie

435 3378 485 3426 4.
519 3376 601 3427 15.
632 3377 727 3442 273
766 3378 813 3426 6.
846 3376 895 3425 5.
924 3378 995 3426 26
1030 3371 1137 3426 mit
1172 3371 1301 3427 dem
1332 3372 1554 3427 Neben-

432 3441 644 3512 begriff
686 3442 783 3497 des
832 3442 1262 3500 Schaustellens.
1301 3473 1369 3483 -—
1414 3458 1560 3497 sus-

428 3514 774 3583 penderat.
831 3513 885 3568 S.
914 3512 1028 3568 Cic.
1058 3513 1127 3567 de
1146 3512 1257 3584 leg.
1277 3530 1395 3583 agr.
1418 3519 1467 3567 2.
1490 3519 1559 3568 66

431 3585 639 3655 plebem
685 3600 849 3639 caeca
892 3585 1262 3654 expectatione
1300 3585 1556 3653 pendere.

508 3661 593 3710 21.
660 3656 910 3724 eoeiyua
972 3672 1015 3711 c.
1079 3656 1559 3711 declinatione.

438 3726 741 3781 Disselben
776 3726 977 3781 Worte
1012 3732 1064 3781 4.
1102 3731 1151 3781 6.
1193 3732 1276 3782 16.

508 3803 593 3852 22.
640 3802 1035 3866 occupatam
1071 3822 1141 3843 π
1181 3796 1558 3867 ‘plotzlich

434 3869 686 3925 {iberra
703 3867 885 3924 scht'
906 3867 1566 3937 mitdemNebenbegriff

437 3940 537 3995 des
573 3938 1061 3995 Zuvorkommens.
1097 3968 1164 3979 —·
1204 3940 1559 4007 arietavit,

436 4010 489 4063 d.
538 4009 574 4063 i.
632 4012 789 4067 modo
843 4012 1034 4065 arietis
1086 4010 1295 4079 inpulit
1339 4015 1390 4065 et
1425 4026 1560 4077 pro-

433 4082 650 4137 stravit.
731 4081 929 4137 Dieses
976 4080 1350 4137 dichterische
1396 4080 1563 4136 Wort

1667 2874 1745 2929 ist
1777 2874 1870 2931 bei
1907 2875 2013 2931 den
2041 2874 2532 2932 nachclassischen
2559 2874 2798 2931 Schrift-

1671 2945 1900 3001 stellern
1969 2945 2130 3001 nicht
2197 2946 2644 3016 ungewohnlich.
2714 2978 2784 2986 —

1609 3021 1612 3027 '
1667 3018 1927 3073 iacenti
1959 3018 2049 3071 fiir
2084 3019 2314 3073 iacentis
2341 3034 2384 3073 s.
2413 3018 2559 3073 Einl.
2589 3023 2618 3084 ξ
2645 3022 2712 3071 28
2732 3034 2784 3071 a.

1740 3092 1824 3144 23.
1875 3089 2218 3144 recidisse.
2293 3088 2365 3144 So
2403 3090 2533 3159 sagt
2567 3088 2785 3143 Cicero:

1667 3175 1754 3215 res
1795 3160 1993 3214 recidit
2035 3160 2113 3215 acl
2155 3160 2420 3226 nihilum,
2469 3161 2546 3215 ad
2581 3161 2785 3214 luctam

1668 3236 1719 3283 et
1763 3231 2034 3286 lacrimae.
2117 3230 2231 3285 Der
2285 3246 2398 3287 acc.
2455 3246 2503 3284 e.
2547 3230 2646 3285 inf.
2689 3229 2787 3284 bei

1665 3302 1886 3356 vereri
1927 3300 2005 3357 ist
2049 3304 2360 3357 ausserst
2403 3302 2628 3357 selten
2671 3300 2786 3355 und

1667 3372 1819 3427 wohl
1853 3390 1960 3427 nur
1995 3372 2352 3429 dichterisch.

1739 3448 1826 3498 24.
1867 3449 2025 3513 post
2051 3460 2308 3514 paucos
2343 3444 2488 3499 dies
2522 3442 2614 3499 ffir
2640 3459 2784 3512 pau·

1668 3514 1748 3570 cis
1778 3531 1835 3583 p.
1875 3516 2066 3571 diebus
2103 3518 2174 3583 (8.
2216 3516 2284 3581 1).
2360 3515 2433 3569 So
2482 3514 2664 3569 selten
2696 3511 2786 3568 bei

1668 3585 2006 3641 Classikern.
2069 3586 2196 3656 Vgl.
2227 3591 2358 3655 post
2391 3586 2532 3641 diem
2568 3586 2784 3641 tertiam

1669 3662 1719 3711 3.
1759 3664 1807 3711 6.
1845 3663 1879 3711 3
1917 3676 1970 3715 11.
2012 3664 2095 3712 16.

1737 3732 1823 3783 25.
1857 3731 2078 3785 minus
2103 3732 2199 3783 est
2225 3728 2654 3783 constantiae
2679 3727 2784 3781 etc.

1667 3798 1834 3854 Sinn:
1899 3798 1992 3855 die
2046 3798 2380 3855 Schande
2444 3798 2639 3867 bringt
2701 3796 2782 3850 oft

1665 3870 1815 3925 noch
1841 3871 2002 3925 mehr
2029 3887 2130 3925 aus
2165 3870 2265 3925 der
2289 3870 2544 3939 Fassung
2572 3869 2658 3923 als
2694 3867 2780 3922 die

1669 3940 2004 4011 (wirkliche)
2043 3940 2314 3997 Schuld.
2353 3972 2420 3981 ·—-
2457 3940 2779 3995 convivio.

1669 4012 2004 4082 Vergleiche
2047 4014 2228 4083 eyredi
2263 4013 2510 4068 convivio
2546 4016 2596 4067 8.
2637 4016 2686 4065 ὅ.
2725 4014 2784 4076 93
