<?xml version="1.0" encoding="UTF-8"?>
<!DOCTYPE html PUBLIC "-//W3C//DTD XHTML 1.0 Transitional//EN"
    "http://www.w3.org/TR/xhtml1/DTD/xhtml1-transitional.dtd">
<html xmlns="http://www.w3.org/1999/xhtml" xml:lang="en" lang="en">
 <head>
  <title>
</title>
<meta http-equiv="Content-Type" content="text/html;charset=utf-8" />
  <meta name='ocr-system' content='tesseract 3.04.00' />
  <meta name='ocr-capabilities' content='ocr_page ocr_carea ocr_par ocr_line ocrx_word'/>
</head>
<body>
  <div class='ocr_page' id='page_1' title='image "./qcurtirufihisto00vogegoog_0275.png"; bbox 0 0 3069 4749; ppageno 0'>
   <div class='ocr_carea' id='block_1_1' title="bbox 876 136 2668 209">
    <p class='ocr_par' dir='ltr' id='par_1_1' title="bbox 876 136 2668 209">
     <span class='ocr_line' id='line_1_1' title="bbox 876 136 2668 209; baseline -0.002 -14"><span class='ocrx_word' id='word_1_1' title='bbox 876 140 1382 196; x_wconf 76' lang='lat' dir='ltr'><strong>HISTORIARUM</strong></span> <span class='ocrx_word' id='word_1_2' title='bbox 1418 138 1853 195; x_wconf 73' lang='lat' dir='ltr'>ALEXANDRI</span> <span class='ocrx_word' id='word_1_3' title='bbox 1895 139 1985 209; x_wconf 91' lang='lat' dir='ltr'><strong>VI,</strong></span> <span class='ocrx_word' id='word_1_4' title='bbox 2023 144 2074 193; x_wconf 91' lang='lat'><strong>8.</strong></span> <span class='ocrx_word' id='word_1_5' title='bbox 2582 136 2668 203; x_wconf 84' lang='lat'><strong>33</strong></span> 
     </span>
    </p>
   </div>
   <div class='ocr_carea' id='block_1_2' title="bbox 291 300 2738 745">
    <p class='ocr_par' dir='ltr' id='par_1_2' title="bbox 291 300 2738 745">
     <span class='ocr_line' id='line_1_2' title="bbox 291 300 2660 388; baseline -0.001 -20"><span class='ocrx_word' id='word_1_6' title='bbox 291 304 636 388; x_wconf 76' lang='lat' dir='ltr'><strong>fastigium</strong></span> <span class='ocrx_word' id='word_1_7' title='bbox 702 303 1021 387; x_wconf 90' lang='lat' dir='ltr'><strong>positum,</strong></span> <span class='ocrx_word' id='word_1_8' title='bbox 1088 304 1221 369; x_wconf 87' lang='lat' dir='ltr'><strong>scio</strong></span> <span class='ocrx_word' id='word_1_9' title='bbox 1284 325 1417 368; x_wconf 90' lang='lat' dir='ltr'><strong>non</strong></span> <span class='ocrx_word' id='word_1_10' title='bbox 1470 324 1678 386; x_wconf 91' lang='lat' dir='ltr'><strong>aequo</strong></span> <span class='ocrx_word' id='word_1_11' title='bbox 1745 303 1961 367; x_wconf 84' lang='lat' dir='ltr'><strong>animo</strong></span> <span class='ocrx_word' id='word_1_12' title='bbox 2029 300 2307 367; x_wconf 84' lang='lat' dir='ltr'><strong>salutem</strong></span> <span class='ocrx_word' id='word_1_13' title='bbox 2367 301 2486 365; x_wconf 87' lang='lat' dir='ltr'><strong>filii</strong></span> <span class='ocrx_word' id='word_1_14' title='bbox 2556 302 2660 367; x_wconf 90' lang='lat' dir='ltr'><strong>sui</strong></span> 
     </span>
     <span class='ocr_line' id='line_1_3' title="bbox 295 388 2738 468; baseline 0.001 -11"><span class='ocrx_word' id='word_1_15' title='bbox 295 393 667 458; x_wconf 88' lang='lat' dir='ltr'><strong>debiturum</strong></span> <span class='ocrx_word' id='word_1_16' title='bbox 712 392 853 456; x_wconf 92' lang='lat' dir='ltr'><strong>tibi.</strong></span> <span class='ocrx_word' id='word_1_17' title='bbox 928 392 1259 468; x_wconf 80' lang='lat' dir='ltr'>Quaedam</span> <span class='ocrx_word' id='word_1_18' title='bbox 1308 392 1620 456; x_wconf 86' lang='lat' dir='ltr'><strong>beneficia</strong></span> <span class='ocrx_word' id='word_1_19' title='bbox 1669 391 1941 456; x_wconf 86' lang='lat' dir='ltr'><strong>odimus.</strong></span> <span class='ocrx_word' id='word_1_20' title='bbox 2013 388 2328 455; x_wconf 80' lang='lat' dir='ltr'><strong>Meruisse</strong></span> <span class='ocrx_word' id='word_1_21' title='bbox 2375 394 2658 457; x_wconf 88' lang='lat' dir='ltr'><strong>mortem</strong></span> <span class='ocrx_word' id='word_1_22' title='bbox 2708 412 2738 460; x_wconf 80' lang='lat'>8</span> 
     </span>
     <span class='ocr_line' id='line_1_4' title="bbox 295 478 2658 564; baseline -0.002 -17"><span class='ocrx_word' id='word_1_23' title='bbox 295 481 591 547; x_wconf 88' lang='lat' dir='ltr'><strong>confiteri</strong></span> <span class='ocrx_word' id='word_1_24' title='bbox 644 480 869 564; x_wconf 87' lang='lat' dir='ltr'><strong>pudet:</strong></span> <span class='ocrx_word' id='word_1_25' title='bbox 926 484 1246 563; x_wconf 87' lang='lat' dir='ltr'><strong>superest,</strong></span> <span class='ocrx_word' id='word_1_26' title='bbox 1311 484 1386 544; x_wconf 87' lang='lat' dir='ltr'><strong>ut</strong></span> <span class='ocrx_word' id='word_1_27' title='bbox 1439 480 1631 543; x_wconf 89' lang='lat' dir='ltr'><strong>malit</strong></span> <span class='ocrx_word' id='word_1_28' title='bbox 1687 478 1889 543; x_wconf 85' lang='lat' dir='ltr'><strong>videri</strong></span> <span class='ocrx_word' id='word_1_29' title='bbox 1943 478 2250 543; x_wconf 89' lang='lat' dir='ltr'><strong>iniuriam</strong></span> <span class='ocrx_word' id='word_1_30' title='bbox 2307 478 2658 563; x_wconf 82' lang='lat' dir='ltr'><strong>accepisse,</strong></span> 
     </span>
     <span class='ocr_line' id='line_1_5' title="bbox 292 567 2655 655; baseline -0.002 -20"><span class='ocrx_word' id='word_1_31' title='bbox 292 592 486 655; x_wconf 90' lang='lat' dir='ltr'><strong>quam</strong></span> <span class='ocrx_word' id='word_1_32' title='bbox 532 570 756 635; x_wconf 80' lang='lat' dir='ltr'><strong>vitam.</strong></span> <span class='ocrx_word' id='word_1_33' title='bbox 837 568 1115 634; x_wconf 81' lang='lat' dir='ltr'><strong>Proinde</strong></span> <span class='ocrx_word' id='word_1_34' title='bbox 1162 570 1326 634; x_wconf 83' lang='lat' dir='ltr'><strong>seito</strong></span> <span class='ocrx_word' id='word_1_35' title='bbox 1372 568 1497 633; x_wconf 90' lang='lat' dir='ltr'><strong>tibi</strong></span> <span class='ocrx_word' id='word_1_36' title='bbox 1546 589 1692 632; x_wconf 91' lang='lat' dir='ltr'><strong>cum</strong></span> <span class='ocrx_word' id='word_1_37' title='bbox 1746 567 1877 631; x_wconf 89' lang='lat' dir='ltr'><strong>illis</strong></span> <span class='ocrx_word' id='word_1_38' title='bbox 1935 568 2012 633; x_wconf 91' lang='lat' dir='ltr'><strong>de</strong></span> <span class='ocrx_word' id='word_1_39' title='bbox 2070 567 2279 632; x_wconf 88' lang='lat' dir='ltr'><strong>salute</strong></span> <span class='ocrx_word' id='word_1_40' title='bbox 2338 589 2478 632; x_wconf 88' lang='lat' dir='ltr'><strong>esse</strong></span> <span class='ocrx_word' id='word_1_41' title='bbox 2540 589 2655 651; x_wconf 91' lang='lat' dir='ltr'><strong>pu-</strong></span> 
     </span>
     <span class='ocr_line' id='line_1_6' title="bbox 297 655 2734 745; baseline 0.001 -22"><span class='ocrx_word' id='word_1_42' title='bbox 297 657 645 745; x_wconf 84' lang='lat' dir='ltr'><strong>gnandum.</strong></span> <span class='ocrx_word' id='word_1_43' title='bbox 739 656 914 722; x_wconf 86' lang='lat' dir='ltr'><strong>Satis</strong></span> <span class='ocrx_word' id='word_1_44' title='bbox 952 658 1237 722; x_wconf 88' lang='lat' dir='ltr'><strong>hostium</strong></span> <span class='ocrx_word' id='word_1_45' title='bbox 1276 659 1590 741; x_wconf 73' lang='lat' dir='ltr'><strong>superest,</strong></span> <span class='ocrx_word' id='word_1_46' title='bbox 1637 656 1718 721; x_wconf 92' lang='lat' dir='ltr'><strong>ad</strong></span> <span class='ocrx_word' id='word_1_47' title='bbox 1765 678 1926 741; x_wconf 87' lang='lat' dir='ltr'><strong>quos</strong></span> <span class='ocrx_word' id='word_1_48' title='bbox 1973 655 2452 740; x_wconf 88' lang='lat' dir='ltr'><strong>persequendos</strong></span> <span class='ocrx_word' id='word_1_49' title='bbox 2498 656 2660 720; x_wconf 89' lang='lat' dir='ltr'><strong>ituri</strong></span> <span class='ocrx_word' id='word_1_50' title='bbox 2703 678 2734 725; x_wconf 83' lang='lat'>9</span> 
     </span>
    </p>
   </div>
   <div class='ocr_carea' id='block_1_3' title="bbox 191 744 2768 915">
    <p class='ocr_par' dir='ltr' id='par_1_3' title="bbox 191 744 2768 915">
     <span class='ocr_line' id='line_1_7' title="bbox 191 744 2662 827; baseline -0.003 -12"><span class='ocrx_word' id='word_1_51' title='bbox 191 750 279 815; x_wconf 86' lang='lat'><strong>30</strong></span> <span class='ocrx_word' id='word_1_52' title='bbox 299 770 547 813; x_wconf 82' lang='lat' dir='ltr'><strong>sumus:</strong></span> <span class='ocrx_word' id='word_1_53' title='bbox 613 747 784 812; x_wconf 87' lang='lat' dir='ltr'><strong>latus</strong></span> <span class='ocrx_word' id='word_1_54' title='bbox 834 768 872 810; x_wconf 92' lang='lat' dir='ltr'><strong>a</strong></span> <span class='ocrx_word' id='word_1_55' title='bbox 918 746 1293 811; x_wconf 73' lang='lat' dir='ltr'><strong>domesticis</strong></span> <span class='ocrx_word' id='word_1_56' title='bbox 1340 745 1642 811; x_wconf 85' lang='lat' dir='ltr'><strong>hostibus</strong></span> <span class='ocrx_word' id='word_1_57' title='bbox 1689 744 1888 809; x_wconf 89' lang='lat' dir='ltr'><strong>muni.</strong></span> <span class='ocrx_word' id='word_1_58' title='bbox 1951 744 2112 809; x_wconf 86' lang='lat' dir='ltr'><strong>&#39;Hos</strong></span> <span class='ocrx_word' id='word_1_59' title='bbox 2169 767 2226 810; x_wconf 90' lang='lat' dir='ltr'><strong>s1</strong></span> <span class='ocrx_word' id='word_1_60' title='bbox 2275 766 2662 827; x_wconf 86' lang='lat' dir='ltr'><strong>summoves,</strong></span> 
     </span>
     <span class='ocr_line' id='line_1_8' title="bbox 298 830 2768 915; baseline 0.001 -14"><span class='ocrx_word' id='word_1_61' title='bbox 298 837 463 901; x_wconf 86' lang='lat' dir='ltr'><strong>nihil</strong></span> <span class='ocrx_word' id='word_1_62' title='bbox 491 838 711 901; x_wconf 88' lang='lat' dir='ltr'><strong>metuo</strong></span> <span class='ocrx_word' id='word_1_63' title='bbox 743 835 827 898; x_wconf 84' lang='lat' dir='ltr'><strong>ab</strong></span> <span class='ocrx_word' id='word_1_64' title='bbox 858 833 1162 900; x_wconf 72' lang='lat' dir='ltr'><strong>externo?</strong></span> <span class='ocrx_word' id='word_1_65' title='bbox 1235 833 1417 899; x_wconf 88' lang='lat' dir='ltr'><strong>Haec</strong></span> <span class='ocrx_word' id='word_1_66' title='bbox 1446 831 1776 898; x_wconf 79' lang='lat' dir='ltr'><strong>Craterus,</strong></span> <span class='ocrx_word' id='word_1_67' title='bbox 1847 830 1914 897; x_wconf 93' lang='lat' dir='ltr'>N</span> <span class='ocrx_word' id='word_1_68' title='bbox 1915 854 1987 898; x_wconf 91' lang='grc'><strong>00</strong></span> <span class='ocrx_word' id='word_1_69' title='bbox 2017 834 2216 897; x_wconf 90' lang='lat' dir='ltr'><strong>ceteri</strong></span> <span class='ocrx_word' id='word_1_70' title='bbox 2249 832 2658 915; x_wconf 79' lang='lat' dir='ltr'><strong>dubitabant,</strong></span> <span class='ocrx_word' id='word_1_71' title='bbox 2703 855 2768 903; x_wconf 85' lang='grc'><strong>10</strong></span> 
     </span>
    </p>
   </div>
   <div class='ocr_carea' id='block_1_4' title="bbox 304 920 2766 1538">
    <p class='ocr_par' dir='ltr' id='par_1_4' title="bbox 304 920 2766 1538">
     <span class='ocr_line' id='line_1_9' title="bbox 304 920 2662 1009; baseline -0.002 -19"><span class='ocrx_word' id='word_1_72' title='bbox 304 925 459 1009; x_wconf 88' lang='lat' dir='ltr'><strong>quin</strong></span> <span class='ocrx_word' id='word_1_73' title='bbox 486 924 951 990; x_wconf 83' lang='lat' dir='ltr'><strong>coniurationis</strong></span> <span class='ocrx_word' id='word_1_74' title='bbox 989 923 1303 989; x_wconf 87' lang='lat' dir='ltr'><strong>indicium</strong></span> <span class='ocrx_word' id='word_1_75' title='bbox 1342 944 1804 1007; x_wconf 86' lang='lat' dir='ltr'><strong>suppressurus</strong></span> <span class='ocrx_word' id='word_1_76' title='bbox 1831 943 1965 985; x_wconf 90' lang='lat' dir='ltr'><strong>non</strong></span> <span class='ocrx_word' id='word_1_77' title='bbox 2001 920 2238 987; x_wconf 84' lang='lat' dir='ltr'><strong>fuisset</strong></span> <span class='ocrx_word' id='word_1_78' title='bbox 2275 922 2405 987; x_wconf 89' lang='lat' dir='ltr'><strong>nisi</strong></span> <span class='ocrx_word' id='word_1_79' title='bbox 2436 925 2662 987; x_wconf 77' lang='lat' dir='ltr'><strong>auctor</strong></span> 
     </span>
     <span class='ocr_line' id='line_1_10' title="bbox 304 1010 2663 1097; baseline -0.001 -20"><span class='ocrx_word' id='word_1_80' title='bbox 304 1018 418 1078; x_wconf 87' lang='lat' dir='ltr'><strong>aut</strong></span> <span class='ocrx_word' id='word_1_81' title='bbox 450 1014 798 1097; x_wconf 81' lang='lat' dir='ltr'><strong>particeps.</strong></span> <span class='ocrx_word' id='word_1_82' title='bbox 874 1011 1079 1089; x_wconf 81' lang='lat' dir='ltr'><strong>Quem</strong></span> <span class='ocrx_word' id='word_1_83' title='bbox 1110 1012 1283 1077; x_wconf 87' lang='lat' dir='ltr'><strong>enim</strong></span> <span class='ocrx_word' id='word_1_84' title='bbox 1319 1013 1499 1095; x_wconf 88' lang='lat' dir='ltr'><strong>pium</strong></span> <span class='ocrx_word' id='word_1_85' title='bbox 1537 1015 1604 1075; x_wconf 90' lang='lat' dir='ltr'><strong>et</strong></span> <span class='ocrx_word' id='word_1_86' title='bbox 1651 1012 1860 1075; x_wconf 85' lang='lat' dir='ltr'><strong>bonae</strong></span> <span class='ocrx_word' id='word_1_87' title='bbox 1899 1010 2166 1095; x_wconf 89' lang='lat' dir='ltr'><strong>mentis,</strong></span> <span class='ocrx_word' id='word_1_88' title='bbox 2211 1031 2342 1075; x_wconf 91' lang='lat' dir='ltr'><strong>non</strong></span> <span class='ocrx_word' id='word_1_89' title='bbox 2382 1011 2663 1075; x_wconf 84' lang='lat' dir='ltr'><strong>amicum</strong></span> 
     </span>
     <span class='ocr_line' id='line_1_11' title="bbox 304 1098 2672 1186; baseline -0.001 -20"><span class='ocrx_word' id='word_1_90' title='bbox 304 1102 524 1186; x_wconf 91' lang='lat' dir='ltr'><strong>modo,</strong></span> <span class='ocrx_word' id='word_1_91' title='bbox 571 1101 682 1166; x_wconf 90' lang='lat' dir='ltr'><strong>sed</strong></span> <span class='ocrx_word' id='word_1_92' title='bbox 722 1122 799 1165; x_wconf 86' lang='lat' dir='ltr'><strong>ex</strong></span> <span class='ocrx_word' id='word_1_93' title='bbox 836 1101 1069 1166; x_wconf 89' lang='lat' dir='ltr'><strong>ultima</strong></span> <span class='ocrx_word' id='word_1_94' title='bbox 1109 1100 1326 1184; x_wconf 86' lang='lat' dir='ltr'><strong>plebe,</strong></span> <span class='ocrx_word' id='word_1_95' title='bbox 1373 1100 1640 1183; x_wconf 89' lang='lat' dir='ltr'><strong>auditis,</strong></span> <span class='ocrx_word' id='word_1_96' title='bbox 1686 1120 1851 1183; x_wconf 89' lang='lat' dir='ltr'><strong>quae</strong></span> <span class='ocrx_word' id='word_1_97' title='bbox 1889 1098 1970 1163; x_wconf 89' lang='lat' dir='ltr'><strong>ad</strong></span> <span class='ocrx_word' id='word_1_98' title='bbox 2009 1120 2158 1163; x_wconf 88' lang='lat' dir='ltr'><strong>eum</strong></span> <span class='ocrx_word' id='word_1_99' title='bbox 2203 1099 2422 1165; x_wconf 88' lang='lat' dir='ltr'><strong>delata</strong></span> <span class='ocrx_word' id='word_1_100' title='bbox 2459 1101 2672 1182; x_wconf 88' lang='lat' dir='ltr'><strong>erant,</strong></span> 
     </span>
     <span class='ocr_line' id='line_1_12' title="bbox 306 1184 2766 1274; baseline 0.002 -20"><span class='ocrx_word' id='word_1_101' title='bbox 306 1212 440 1255; x_wconf 91' lang='lat' dir='ltr'><strong>non</strong></span> <span class='ocrx_word' id='word_1_102' title='bbox 494 1190 789 1274; x_wconf 87' lang='lat' dir='ltr'><strong>protinus</strong></span> <span class='ocrx_word' id='word_1_103' title='bbox 836 1189 919 1254; x_wconf 90' lang='lat' dir='ltr'><strong>ad</strong></span> <span class='ocrx_word' id='word_1_104' title='bbox 963 1209 1187 1274; x_wconf 83' lang='lat' dir='ltr'><strong>regem</strong></span> <span class='ocrx_word' id='word_1_105' title='bbox 1239 1189 1443 1255; x_wconf 85' lang='lat' dir='ltr'><strong>fuisse</strong></span> <span class='ocrx_word' id='word_1_106' title='bbox 1488 1187 1872 1255; x_wconf 77' lang='lat' dir='ltr'><strong>cursurum?</strong></span> <span class='ocrx_word' id='word_1_107' title='bbox 1926 1208 2007 1251; x_wconf 90' lang='lat' dir='ltr'><strong>ne</strong></span> <span class='ocrx_word' id='word_1_108' title='bbox 2055 1184 2351 1252; x_wconf 81' lang='lat' dir='ltr'><strong>Cebalini</strong></span> <span class='ocrx_word' id='word_1_109' title='bbox 2399 1187 2662 1272; x_wconf 87' lang='lat' dir='ltr'><strong>quidem</strong></span> <span class='ocrx_word' id='word_1_110' title='bbox 2705 1209 2766 1257; x_wconf 86' lang='lat'><strong>11</strong></span> 
     </span>
     <span class='ocr_line' id='line_1_13' title="bbox 308 1276 2663 1362; baseline -0.002 -18"><span class='ocrx_word' id='word_1_111' title='bbox 308 1277 633 1362; x_wconf 83' lang='lat' dir='ltr'><strong>exemplo,</strong></span> <span class='ocrx_word' id='word_1_112' title='bbox 691 1279 803 1362; x_wconf 91' lang='lat' dir='ltr'><strong>qui</strong></span> <span class='ocrx_word' id='word_1_113' title='bbox 847 1299 925 1342; x_wconf 86' lang='lat' dir='ltr'><strong>ex</strong></span> <span class='ocrx_word' id='word_1_114' title='bbox 980 1278 1183 1343; x_wconf 87' lang='lat' dir='ltr'><strong>fratre</strong></span> <span class='ocrx_word' id='word_1_115' title='bbox 1228 1280 1538 1362; x_wconf 84' lang='lat' dir='ltr'><strong>conperta</strong></span> <span class='ocrx_word' id='word_1_116' title='bbox 1590 1277 1719 1361; x_wconf 89' lang='lat' dir='ltr'><strong>ipsi</strong></span> <span class='ocrx_word' id='word_1_117' title='bbox 1763 1276 2156 1361; x_wconf 88' lang='lat' dir='ltr'><strong>nuntiasset,</strong></span> <span class='ocrx_word' id='word_1_118' title='bbox 2212 1276 2663 1342; x_wconf 85' lang='lat' dir='ltr'><strong>Parmenionis</strong></span> 
     </span>
     <span class='ocr_line' id='line_1_14' title="bbox 304 1364 2671 1453; baseline -0.002 -22"><span class='ocrx_word' id='word_1_119' title='bbox 304 1367 531 1452; x_wconf 86' lang='lat' dir='ltr'><strong>filium,</strong></span> <span class='ocrx_word' id='word_1_120' title='bbox 562 1367 963 1451; x_wconf 83' lang='lat' dir='ltr'><strong>praefectum</strong></span> <span class='ocrx_word' id='word_1_121' title='bbox 992 1368 1340 1453; x_wconf 86' lang='lat' dir='ltr'><strong>equitatus,</strong></span> <span class='ocrx_word' id='word_1_122' title='bbox 1378 1366 1668 1431; x_wconf 90' lang='lat' dir='ltr'><strong>omnium</strong></span> <span class='ocrx_word' id='word_1_123' title='bbox 1695 1386 2082 1429; x_wconf 87' lang='lat' dir='ltr'><strong>arcanorum</strong></span> <span class='ocrx_word' id='word_1_124' title='bbox 2111 1366 2284 1449; x_wconf 84' lang='lat' dir='ltr'><strong>regis</strong></span> <span class='ocrx_word' id='word_1_125' title='bbox 2315 1364 2671 1431; x_wconf 82' lang='lat' dir='ltr'><strong>arbitrum!</strong></span> 
     </span>
     <span class='ocr_line' id='line_1_15' title="bbox 306 1453 2669 1538; baseline -0.002 -17"><span class='ocrx_word' id='word_1_126' title='bbox 306 1456 649 1521; x_wconf 87' lang='lat' dir='ltr'><strong>simulasse</strong></span> <span class='ocrx_word' id='word_1_127' title='bbox 704 1456 927 1538; x_wconf 85' lang='lat' dir='ltr'><strong>etiam,</strong></span> <span class='ocrx_word' id='word_1_128' title='bbox 989 1477 1122 1521; x_wconf 88' lang='lat' dir='ltr'><strong>non</strong></span> <span class='ocrx_word' id='word_1_129' title='bbox 1178 1476 1444 1521; x_wconf 80' lang='lat' dir='ltr'><strong>vacasse</strong></span> <span class='ocrx_word' id='word_1_130' title='bbox 1500 1453 1788 1519; x_wconf 85' lang='lat' dir='ltr'><strong>sermoni</strong></span> <span class='ocrx_word' id='word_1_131' title='bbox 1843 1474 1959 1519; x_wconf 88' lang='lat' dir='ltr'><strong>suo</strong></span> <span class='ocrx_word' id='word_1_132' title='bbox 2016 1473 2263 1538; x_wconf 84' lang='lat' dir='ltr'><strong>regem,</strong></span> <span class='ocrx_word' id='word_1_133' title='bbox 2327 1474 2410 1518; x_wconf 89' lang='lat' dir='ltr'><strong>ne</strong></span> <span class='ocrx_word' id='word_1_134' title='bbox 2476 1454 2669 1517; x_wconf 83' lang='lat' dir='ltr'><strong>index</strong></span> 
     </span>
    </p>
   </div>
   <div class='ocr_carea' id='block_1_5' title="bbox 307 1542 2776 1628">
    <p class='ocr_par' dir='ltr' id='par_1_5' title="bbox 307 1542 2776 1628">
     <span class='ocr_line' id='line_1_16' title="bbox 307 1542 2776 1628; baseline 0.001 -20"><span class='ocrx_word' id='word_1_135' title='bbox 307 1544 511 1609; x_wconf 86' lang='lat' dir='ltr'><strong>alium</strong></span> <span class='ocrx_word' id='word_1_136' title='bbox 556 1543 1026 1609; x_wconf 89' lang='lat' dir='ltr'><strong>internuntium</strong></span> <span class='ocrx_word' id='word_1_137' title='bbox 1074 1549 1425 1628; x_wconf 89' lang='lat' dir='ltr'><strong>quaereret.</strong></span> <span class='ocrx_word' id='word_1_138' title='bbox 1516 1542 1986 1608; x_wconf 86' lang='lat' dir='ltr'><strong>Nicomachum</strong></span> <span class='ocrx_word' id='word_1_139' title='bbox 2041 1542 2361 1628; x_wconf 85' lang='lat' dir='ltr'><strong>religione</strong></span> <span class='ocrx_word' id='word_1_140' title='bbox 2409 1562 2666 1626; x_wconf 90' lang='lat' dir='ltr'><strong>quoque</strong></span> <span class='ocrx_word' id='word_1_141' title='bbox 2711 1563 2776 1611; x_wconf 79' lang='lat'><strong>12</strong></span> 
     </span>
    </p>
   </div>
   <div class='ocr_carea' id='block_1_6' title="bbox 307 1631 2671 1894">
    <p class='ocr_par' dir='ltr' id='par_1_6' title="bbox 307 1631 2671 1894">
     <span class='ocr_line' id='line_1_17' title="bbox 307 1631 2666 1715; baseline -0.001 -18"><span class='ocrx_word' id='word_1_142' title='bbox 307 1633 498 1698; x_wconf 87' lang='lat' dir='ltr'><strong>deum</strong></span> <span class='ocrx_word' id='word_1_143' title='bbox 572 1631 959 1698; x_wconf 86' lang='lat' dir='ltr'><strong>adstrictum</strong></span> <span class='ocrx_word' id='word_1_144' title='bbox 1032 1632 1496 1697; x_wconf 86' lang='lat' dir='ltr'><strong>conscientiam</strong></span> <span class='ocrx_word' id='word_1_145' title='bbox 1571 1643 1782 1696; x_wconf 72' lang='lat' dir='ltr'><strong>suam·</strong></span> <span class='ocrx_word' id='word_1_146' title='bbox 1831 1652 2180 1696; x_wconf 87' lang='lat' dir='ltr'><strong>exonerare</strong></span> <span class='ocrx_word' id='word_1_147' title='bbox 2255 1651 2666 1715; x_wconf 83' lang='lat' dir='ltr'><strong>properasse:</strong></span> 
     </span>
     <span class='ocr_line' id='line_1_18' title="bbox 307 1719 2671 1805; baseline -0 -21"><span class='ocrx_word' id='word_1_148' title='bbox 307 1720 636 1785; x_wconf 86' lang='lat' dir='ltr'><strong>Philotam</strong></span> <span class='ocrx_word' id='word_1_149' title='bbox 674 1725 1060 1805; x_wconf 80' lang='lat' dir='ltr'><strong>consumpto</strong></span> <span class='ocrx_word' id='word_1_150' title='bbox 1107 1742 1226 1804; x_wconf 87' lang='lat' dir='ltr'><strong>per</strong></span> <span class='ocrx_word' id='word_1_151' title='bbox 1272 1720 1498 1787; x_wconf 90' lang='lat' dir='ltr'><strong>ludum</strong></span> <span class='ocrx_word' id='word_1_152' title='bbox 1543 1719 1882 1803; x_wconf 89' lang='lat' dir='ltr'><strong>iocumque</strong></span> <span class='ocrx_word' id='word_1_153' title='bbox 1927 1741 2136 1803; x_wconf 88' lang='lat' dir='ltr'><strong>paene</strong></span> <span class='ocrx_word' id='word_1_154' title='bbox 2180 1723 2324 1785; x_wconf 92' lang='lat' dir='ltr'><strong>toto</strong></span> <span class='ocrx_word' id='word_1_155' title='bbox 2372 1719 2474 1785; x_wconf 90' lang='lat' dir='ltr'><strong>die</strong></span> <span class='ocrx_word' id='word_1_156' title='bbox 2523 1739 2671 1805; x_wconf 82' lang='lat' dir='ltr'><strong>gra·</strong></span> 
     </span>
     <span class='ocr_line' id='line_1_19' title="bbox 310 1807 2670 1894; baseline -0.002 -19"><span class='ocrx_word' id='word_1_157' title='bbox 310 1812 531 1875; x_wconf 86' lang='lat' dir='ltr'><strong>vatum</strong></span> <span class='ocrx_word' id='word_1_158' title='bbox 576 1831 717 1874; x_wconf 89' lang='lat' dir='ltr'><strong>esse</strong></span> <span class='ocrx_word' id='word_1_159' title='bbox 762 1831 969 1893; x_wconf 85' lang='lat' dir='ltr'><strong>pauca</strong></span> <span class='ocrx_word' id='word_1_160' title='bbox 1015 1811 1214 1874; x_wconf 82' lang='lat' dir='ltr'><strong>verba</strong></span> <span class='ocrx_word' id='word_1_161' title='bbox 1257 1808 1649 1894; x_wconf 85' lang='lat' dir='ltr'><strong>pertinentia</strong></span> <span class='ocrx_word' id='word_1_162' title='bbox 1699 1807 1782 1872; x_wconf 92' lang='lat' dir='ltr'><strong>ad</strong></span> <span class='ocrx_word' id='word_1_163' title='bbox 1829 1812 2022 1891; x_wconf 87' lang='lat' dir='ltr'><strong>caput</strong></span> <span class='ocrx_word' id='word_1_164' title='bbox 2067 1810 2240 1893; x_wconf 80' lang='lat' dir='ltr'><strong>regis</strong></span> <span class='ocrx_word' id='word_1_165' title='bbox 2285 1811 2424 1872; x_wconf 89' lang='lat' dir='ltr'><strong>tam</strong></span> <span class='ocrx_word' id='word_1_166' title='bbox 2469 1808 2670 1891; x_wconf 83' lang='lat' dir='ltr'><strong>longo</strong></span> 
     </span>
    </p>
   </div>
   <div class='ocr_carea' id='block_1_7' title="bbox 308 1897 1895 2071">
    <p class='ocr_par' dir='ltr' id='par_1_7' title="bbox 308 1897 1895 2071">
     <span class='ocr_line' id='line_1_20' title="bbox 308 1897 1895 1982; baseline -0.001 -20"><span class='ocrx_word' id='word_1_167' title='bbox 308 1902 377 1962; x_wconf 87' lang='lat' dir='ltr'><strong>et</strong></span> <span class='ocrx_word' id='word_1_168' title='bbox 437 1898 718 1963; x_wconf 88' lang='lat' dir='ltr'><strong>forsitan</strong></span> <span class='ocrx_word' id='word_1_169' title='bbox 782 1918 1180 1982; x_wconf 86' lang='lat' dir='ltr'><strong>supervacuo</strong></span> <span class='ocrx_word' id='word_1_170' title='bbox 1243 1900 1527 1963; x_wconf 88' lang='lat' dir='ltr'><strong>inserere</strong></span> <span class='ocrx_word' id='word_1_171' title='bbox 1593 1897 1895 1962; x_wconf 87' lang='lat' dir='ltr'><strong>sermoni.</strong></span> 
     </span>
     <span class='ocr_line' id='line_1_21' title="bbox 310 1986 1708 2071; baseline -0.002 -20"><span class='ocrx_word' id='word_1_172' title='bbox 310 1986 655 2052; x_wconf 87' lang='lat' dir='ltr'><strong>credidisse</strong></span> <span class='ocrx_word' id='word_1_173' title='bbox 718 1987 883 2051; x_wconf 87' lang='lat' dir='ltr'><strong>talia</strong></span> <span class='ocrx_word' id='word_1_174' title='bbox 948 1986 1387 2051; x_wconf 88' lang='lat' dir='ltr'><strong>deferentibus</strong></span> <span class='ocrx_word' id='word_1_175' title='bbox 1460 1986 1708 2071; x_wconf 82' lang='lat' dir='ltr'><strong>pueris!</strong></span> 
     </span>
    </p>
   </div>
   <div class='ocr_carea' id='block_1_8' title="bbox 1802 1982 2670 2070">
    <p class='ocr_par' dir='ltr' id='par_1_8' title="bbox 1802 1982 2670 2070">
     <span class='ocr_line' id='line_1_22' title="bbox 1802 1982 2670 2070; baseline -0.003 -20"><span class='ocrx_word' id='word_1_176' title='bbox 1802 1982 1934 2050; x_wconf 81' lang='lat' dir='ltr'><strong>Cur</strong></span> <span class='ocrx_word' id='word_1_177' title='bbox 2006 1986 2211 2070; x_wconf 70' lang='lat' dir='ltr'><strong>igitur</strong></span> <span class='ocrx_word' id='word_1_178' title='bbox 2278 1985 2670 2051; x_wconf 85' lang='lat' dir='ltr'><strong>extraxisset</strong></span> 
     </span>
    </p>
   </div>
   <div class='ocr_carea' id='block_1_9' title="bbox 311 2072 2781 2339">
    <p class='ocr_par' dir='ltr' id='par_1_9' title="bbox 311 2072 2781 2339">
     <span class='ocr_line' id='line_1_23' title="bbox 311 2072 2668 2159; baseline -0.001 -20"><span class='ocrx_word' id='word_1_179' title='bbox 311 2074 605 2158; x_wconf 88' lang='lat' dir='ltr'><strong>biduum,</strong></span> <span class='ocrx_word' id='word_1_180' title='bbox 660 2078 997 2159; x_wconf 85' lang='lat' dir='ltr'><strong>tamquam</strong></span> <span class='ocrx_word' id='word_1_181' title='bbox 1043 2075 1279 2141; x_wconf 85' lang='lat' dir='ltr'><strong>indicio</strong></span> <span class='ocrx_word' id='word_1_182' title='bbox 1326 2076 1602 2141; x_wconf 88' lang='lat' dir='ltr'><strong>haberet</strong></span> <span class='ocrx_word' id='word_1_183' title='bbox 1649 2073 1886 2139; x_wconf 79' lang='lat' dir='ltr'><strong>fidem?</strong></span> <span class='ocrx_word' id='word_1_184' title='bbox 1959 2074 2417 2140; x_wconf 87' lang='lat' dir='ltr'><strong>dimittendum</strong></span> <span class='ocrx_word' id='word_1_185' title='bbox 2463 2072 2668 2138; x_wconf 88' lang='lat' dir='ltr'><strong>fuisse</strong></span> 
     </span>
     <span class='ocr_line' id='line_1_24' title="bbox 312 2161 2781 2249; baseline -0.002 -20"><span class='ocrx_word' id='word_1_186' title='bbox 312 2161 724 2249; x_wconf 83' lang='lat' dir='ltr'><strong>Cebalinum,</strong></span> <span class='ocrx_word' id='word_1_187' title='bbox 790 2166 844 2228; x_wconf 89' lang='lat' dir='ltr'><strong>si</strong></span> <span class='ocrx_word' id='word_1_188' title='bbox 900 2164 1293 2229; x_wconf 86' lang='lat' dir='ltr'><strong>delationem</strong></span> <span class='ocrx_word' id='word_1_189' title='bbox 1348 2164 1486 2229; x_wconf 90' lang='lat' dir='ltr'><strong>eius</strong></span> <span class='ocrx_word' id='word_1_190' title='bbox 1555 2163 1927 2229; x_wconf 84' lang='lat' dir='ltr'><strong>damnabat.</strong></span> <span class='ocrx_word' id='word_1_191' title='bbox 2027 2162 2103 2227; x_wconf 89' lang='lat' dir='ltr'><strong>In</strong></span> <span class='ocrx_word' id='word_1_192' title='bbox 2169 2184 2286 2228; x_wconf 87' lang='lat' dir='ltr'><strong>suo</strong></span> <span class='ocrx_word' id='word_1_193' title='bbox 2353 2182 2670 2247; x_wconf 88' lang='lat' dir='ltr'><strong>quemque</strong></span> <span class='ocrx_word' id='word_1_194' title='bbox 2715 2184 2781 2233; x_wconf 85' lang='lat'><strong>14</strong></span> 
     </span>
     <span class='ocr_line' id='line_1_25' title="bbox 311 2250 2671 2339; baseline 0 -23"><span class='ocrx_word' id='word_1_195' title='bbox 311 2252 597 2336; x_wconf 88' lang='lat' dir='ltr'><strong>periculo</strong></span> <span class='ocrx_word' id='word_1_196' title='bbox 627 2273 940 2339; x_wconf 84' lang='lat' dir='ltr'><strong>magnum</strong></span> <span class='ocrx_word' id='word_1_197' title='bbox 969 2253 1256 2318; x_wconf 88' lang='lat' dir='ltr'><strong>animum</strong></span> <span class='ocrx_word' id='word_1_198' title='bbox 1284 2253 1540 2333; x_wconf 86' lang='lat' dir='ltr'><strong>habere,</strong></span> <span class='ocrx_word' id='word_1_199' title='bbox 1580 2274 1726 2317; x_wconf 88' lang='lat' dir='ltr'><strong>cum</strong></span> <span class='ocrx_word' id='word_1_200' title='bbox 1754 2250 1834 2316; x_wconf 91' lang='lat' dir='ltr'><strong>de</strong></span> <span class='ocrx_word' id='word_1_201' title='bbox 1867 2251 2078 2317; x_wconf 90' lang='lat' dir='ltr'><strong>salute</strong></span> <span class='ocrx_word' id='word_1_202' title='bbox 2107 2253 2281 2336; x_wconf 83' lang='lat' dir='ltr'><strong>regis</strong></span> <span class='ocrx_word' id='word_1_203' title='bbox 2312 2252 2671 2335; x_wconf 86' lang='lat' dir='ltr'><strong>timeretur,</strong></span> 
     </span>
    </p>
   </div>
   <div class='ocr_carea' id='block_1_10' title="bbox 314 2498 1437 2642">
    <p class='ocr_par' dir='ltr' id='par_1_10' title="bbox 314 2498 1437 2642">
     <span class='ocr_line' id='line_1_26' title="bbox 319 2498 1437 2568; baseline -0.001 -15"><span class='ocrx_word' id='word_1_204' title='bbox 319 2530 380 2537; x_wconf 93' lang='lat'>—</span> <span class='ocrx_word' id='word_1_205' title='bbox 420 2499 745 2568; x_wconf 77' lang='lat' dir='ltr'><strong>positum,</strong></span> <span class='ocrx_word' id='word_1_206' title='bbox 801 2498 915 2568; x_wconf 84' lang='lat' dir='ltr'><strong>vgl.</strong></span> <span class='ocrx_word' id='word_1_207' title='bbox 975 2505 1023 2553; x_wconf 80' lang='lat'><strong>7.</strong></span> <span class='ocrx_word' id='word_1_208' title='bbox 1081 2503 1166 2554; x_wconf 90' lang='grc'><strong>22.</strong></span> <span class='ocrx_word' id='word_1_209' title='bbox 1251 2498 1437 2552; x_wconf 87' lang='lat' dir='ltr'><strong>Ueber</strong></span> 
     </span>
     <span class='ocr_line' id='line_1_27' title="bbox 314 2569 1363 2642; baseline 0 -18"><span class='ocrx_word' id='word_1_210' title='bbox 314 2570 602 2639; x_wconf 74' lang='lat' dir='ltr'><strong>fastiyium</strong></span> <span class='ocrx_word' id='word_1_211' title='bbox 639 2569 749 2640; x_wconf 78' lang='lat' dir='ltr'><strong>vgl.</strong></span> <span class='ocrx_word' id='word_1_212' title='bbox 786 2575 837 2625; x_wconf 77' lang='lat'><strong>4.</strong></span> <span class='ocrx_word' id='word_1_213' title='bbox 879 2575 925 2626; x_wconf 90' lang='lat'><strong>1.</strong></span> <span class='ocrx_word' id='word_1_214' title='bbox 972 2575 1060 2636; x_wconf 72' lang='lat'><strong>163</strong></span> <span class='ocrx_word' id='word_1_215' title='bbox 1095 2575 1149 2642; x_wconf 23' lang='lat'><strong>¹4.</strong></span> <span class='ocrx_word' id='word_1_216' title='bbox 1188 2577 1238 2625; x_wconf 85' lang='lat'><strong>2.</strong></span> <span class='ocrx_word' id='word_1_217' title='bbox 1282 2575 1363 2624; x_wconf 85' lang='lat'><strong>19.</strong></span> 
     </span>
    </p>
   </div>
   <div class='ocr_carea' id='block_1_11' title="bbox 312 2648 1440 3214">
    <p class='ocr_par' dir='ltr' id='par_1_11' title="bbox 312 2648 1440 3214">
     <span class='ocr_line' id='line_1_28' title="bbox 387 2648 1439 2718; baseline 0 -15"><span class='ocrx_word' id='word_1_218' title='bbox 387 2653 437 2703; x_wconf 91' lang='grc'><strong>8.</strong></span> <span class='ocrx_word' id='word_1_219' title='bbox 475 2654 793 2718; x_wconf 76' lang='lat' dir='ltr'><strong>superest.</strong></span> <span class='ocrx_word' id='word_1_220' title='bbox 866 2648 1107 2704; x_wconf 84' lang='lat' dir='ltr'><strong>Hiermit</strong></span> <span class='ocrx_word' id='word_1_221' title='bbox 1151 2649 1293 2703; x_wconf 83' lang='lat' dir='ltr'><strong>wird</strong></span> <span class='ocrx_word' id='word_1_222' title='bbox 1340 2649 1439 2703; x_wconf 88' lang='lat' dir='ltr'><strong>der</strong></span> 
     </span>
     <span class='ocr_line' id='line_1_29' title="bbox 318 2717 1440 2790; baseline 0.001 -17"><span class='ocrx_word' id='word_1_223' title='bbox 318 2719 654 2789; x_wconf 85' lang='lat' dir='ltr'><strong>allgemeine</strong></span> <span class='ocrx_word' id='word_1_224' title='bbox 684 2719 813 2774; x_wconf 76' lang='lat' dir='ltr'><strong>Sata</strong></span> <span class='ocrx_word' id='word_1_225' title='bbox 852 2717 955 2775; x_wconf 80' lang='lat' dir='ltr'><strong>auf</strong></span> <span class='ocrx_word' id='word_1_226' title='bbox 986 2720 1096 2775; x_wconf 89' lang='lat' dir='ltr'><strong>den</strong></span> <span class='ocrx_word' id='word_1_227' title='bbox 1133 2719 1440 2790; x_wconf 90' lang='lat' dir='ltr'><strong>speciellen</strong></span> 
     </span>
     <span class='ocr_line' id='line_1_30' title="bbox 315 2790 1440 2860; baseline 0.002 -16"><span class='ocrx_word' id='word_1_228' title='bbox 315 2791 441 2844; x_wconf 76' lang='lat' dir='ltr'><strong>Fau</strong></span> <span class='ocrx_word' id='word_1_229' title='bbox 455 2791 836 2860; x_wconf 82' lang='lat' dir='ltr'><strong>angewendet.</strong></span> <span class='ocrx_word' id='word_1_230' title='bbox 859 2790 1220 2860; x_wconf 60' lang='lat' dir='ltr'><strong>Vollstandig</strong></span> <span class='ocrx_word' id='word_1_231' title='bbox 1231 2793 1440 2846; x_wconf 76' lang='lat' dir='ltr'><strong>miisste</strong></span> 
     </span>
     <span class='ocr_line' id='line_1_31' title="bbox 318 2861 1439 2931; baseline -0.002 -15"><span class='ocrx_word' id='word_1_232' title='bbox 318 2878 377 2916; x_wconf 87' lang='lat' dir='ltr'><strong>es</strong></span> <span class='ocrx_word' id='word_1_233' title='bbox 413 2861 660 2916; x_wconf 86' lang='lat' dir='ltr'><strong>heissen:</strong></span> <span class='ocrx_word' id='word_1_234' title='bbox 720 2861 831 2916; x_wconf 79' lang='lat' dir='ltr'><strong>‘Da</strong></span> <span class='ocrx_word' id='word_1_235' title='bbox 864 2862 1010 2918; x_wconf 89' lang='lat' dir='ltr'><strong>auch</strong></span> <span class='ocrx_word' id='word_1_236' title='bbox 1045 2878 1114 2916; x_wconf 89' lang='lat' dir='ltr'><strong>er</strong></span> <span class='ocrx_word' id='word_1_237' title='bbox 1142 2861 1439 2931; x_wconf 85' lang='lat' dir='ltr'><strong>(Philotas)</strong></span> 
     </span>
     <span class='ocr_line' id='line_1_32' title="bbox 312 2932 1439 3002; baseline 0 -16"><span class='ocrx_word' id='word_1_238' title='bbox 312 2932 473 3002; x_wconf 89' lang='lat' dir='ltr'><strong>jenes</strong></span> <span class='ocrx_word' id='word_1_239' title='bbox 502 2933 964 3002; x_wconf 65' lang='lat' dir='ltr'><strong>Eingestandniss</strong></span> <span class='ocrx_word' id='word_1_240' title='bbox 1002 2933 1246 2987; x_wconf 89' lang='lat' dir='ltr'><strong>scheuen</strong></span> <span class='ocrx_word' id='word_1_241' title='bbox 1282 2933 1439 3000; x_wconf 83' lang='lat' dir='ltr'><strong>wird‚</strong></span> 
     </span>
     <span class='ocr_line' id='line_1_33' title="bbox 320 3002 1439 3074; baseline 0.002 -18"><span class='ocrx_word' id='word_1_242' title='bbox 320 3019 383 3057; x_wconf 89' lang='lat' dir='ltr'><strong>so</strong></span> <span class='ocrx_word' id='word_1_243' title='bbox 409 3003 485 3056; x_wconf 89' lang='lat' dir='ltr'><strong>ist</strong></span> <span class='ocrx_word' id='word_1_244' title='bbox 509 3021 614 3057; x_wconf 88' lang='lat' dir='ltr'><strong>nur</strong></span> <span class='ocrx_word' id='word_1_245' title='bbox 640 3003 740 3058; x_wconf 87' lang='lat' dir='ltr'><strong>der</strong></span> <span class='ocrx_word' id='word_1_246' title='bbox 765 3006 1011 3074; x_wconf 82' lang='lat' dir='ltr'><strong>Ausweg</strong></span> <span class='ocrx_word' id='word_1_247' title='bbox 1035 3003 1125 3058; x_wconf 70' lang='lat' dir='ltr'><strong>fur</strong></span> <span class='ocrx_word' id='word_1_248' title='bbox 1156 3002 1256 3059; x_wconf 88' lang='lat' dir='ltr'><strong>ihn</strong></span> <span class='ocrx_word' id='word_1_249' title='bbox 1282 3009 1439 3074; x_wconf 71' lang='lat' dir='ltr'><strong>mog·</strong></span> 
     </span>
     <span class='ocr_line' id='line_1_34' title="bbox 320 3073 1437 3145; baseline 0 -17"><span class='ocrx_word' id='word_1_250' title='bbox 320 3073 465 3142; x_wconf 87' lang='grc'><strong>11011,</strong></span> <span class='ocrx_word' id='word_1_251' title='bbox 520 3073 647 3128; x_wconf 86' lang='lat' dir='ltr'><strong>dass</strong></span> <span class='ocrx_word' id='word_1_252' title='bbox 694 3077 801 3130; x_wconf 87' lang='lat' dir='ltr'><strong>etc.</strong></span> <span class='ocrx_word' id='word_1_253' title='bbox 851 3106 917 3115; x_wconf 94' lang='lat'>—</span> <span class='ocrx_word' id='word_1_254' title='bbox 972 3092 1162 3145; x_wconf 74' lang='lat' dir='ltr'><strong>quam</strong></span> <span class='ocrx_word' id='word_1_255' title='bbox 1216 3075 1437 3129; x_wconf 84' lang='lat' dir='ltr'><strong>vitam.</strong></span> 
     </span>
     <span class='ocr_line' id='line_1_35' title="bbox 320 3144 1439 3214; baseline 0.001 -15"><span class='ocrx_word' id='word_1_256' title='bbox 320 3144 449 3214; x_wconf 79' lang='lat' dir='ltr'><strong>vgl.</strong></span> <span class='ocrx_word' id='word_1_257' title='bbox 507 3145 748 3214; x_wconf 74' lang='lat' dir='ltr'><strong>accipere</strong></span> <span class='ocrx_word' id='word_1_258' title='bbox 809 3147 1041 3201; x_wconf 78' lang='lat' dir='ltr'><strong>salutem</strong></span> <span class='ocrx_word' id='word_1_259' title='bbox 1098 3146 1167 3200; x_wconf 85' lang='lat' dir='ltr'><strong>ab</strong></span> <span class='ocrx_word' id='word_1_260' title='bbox 1234 3146 1439 3214; x_wconf 77' lang='lat' dir='ltr'><strong>aliquo,</strong></span> 
     </span>
    </p>
   </div>
   <div class='ocr_carea' id='block_1_12' title="bbox 320 3214 1440 3342">
    <p class='ocr_par' dir='ltr' id='par_1_12' title="bbox 320 3214 1440 3342">
     <span class='ocr_line' id='line_1_36' title="bbox 320 3214 1440 3284; baseline 0 -14"><span class='ocrx_word' id='word_1_261' title='bbox 320 3214 434 3271; x_wconf 88' lang='lat' dir='ltr'><strong>Cic.</strong></span> <span class='ocrx_word' id='word_1_262' title='bbox 463 3214 533 3270; x_wconf 88' lang='lat' dir='ltr'><strong>de</strong></span> <span class='ocrx_word' id='word_1_263' title='bbox 562 3216 707 3270; x_wconf 90' lang='lat' dir='ltr'><strong>dom.</strong></span> <span class='ocrx_word' id='word_1_264' title='bbox 734 3223 859 3284; x_wconf 78' lang='lat'><strong>1343</strong></span> <span class='ocrx_word' id='word_1_265' title='bbox 888 3217 1023 3272; x_wconf 81' lang='lat' dir='ltr'><strong>dare</strong></span> <span class='ocrx_word' id='word_1_266' title='bbox 1048 3219 1219 3272; x_wconf 84' lang='lat' dir='ltr'><strong>vitam</strong></span> <span class='ocrx_word' id='word_1_267' title='bbox 1248 3217 1440 3284; x_wconf 77' lang='lat' dir='ltr'><strong>alicui,</strong></span> 
     </span>
     <span class='ocr_line' id='line_1_37' title="bbox 322 3285 685 3342; baseline 0.008 -4"><span class='ocrx_word' id='word_1_268' title='bbox 322 3285 470 3342; x_wconf 89' lang='lat' dir='ltr'><strong>Vell.</strong></span> <span class='ocrx_word' id='word_1_269' title='bbox 511 3292 559 3342; x_wconf 90' lang='grc'><strong>2.</strong></span> <span class='ocrx_word' id='word_1_270' title='bbox 598 3291 685 3342; x_wconf 84' lang='grc'><strong>52.</strong></span> 
     </span>
    </p>
   </div>
   <div class='ocr_carea' id='block_1_13' title="bbox 321 3367 1442 3493">
    <p class='ocr_par' dir='ltr' id='par_1_13' title="bbox 321 3367 1442 3493">
     <span class='ocr_line' id='line_1_38' title="bbox 394 3367 1442 3438; baseline 0.002 -19"><span class='ocrx_word' id='word_1_271' title='bbox 394 3371 445 3421; x_wconf 84' lang='grc'><strong>9.</strong></span> <span class='ocrx_word' id='word_1_272' title='bbox 476 3367 553 3420; x_wconf 84' lang='lat' dir='ltr'><strong>ab</strong></span> <span class='ocrx_word' id='word_1_273' title='bbox 582 3371 881 3434; x_wconf 78' lang='lat' dir='ltr'><strong>externo,</strong></span> <span class='ocrx_word' id='word_1_274' title='bbox 908 3367 1077 3423; x_wconf 61' lang='lat' dir='ltr'><strong>nami.</strong></span> <span class='ocrx_word' id='word_1_275' title='bbox 1106 3368 1266 3422; x_wconf 78' lang='lat' dir='ltr'><strong>hoste.</strong></span> <span class='ocrx_word' id='word_1_276' title='bbox 1312 3367 1442 3438; x_wconf 80' lang='lat' dir='ltr'><strong>Vgl.</strong></span> 
     </span>
     <span class='ocr_line' id='line_1_39' title="bbox 321 3438 819 3493; baseline -0.002 -2"><span class='ocrx_word' id='word_1_277' title='bbox 321 3441 549 3492; x_wconf 79' lang='lat' dir='ltr'><strong>externa</strong></span> <span class='ocrx_word' id='word_1_278' title='bbox 584 3438 643 3492; x_wconf 81' lang='lat' dir='ltr'><strong>vi</strong></span> <span class='ocrx_word' id='word_1_279' title='bbox 681 3444 729 3493; x_wconf 81' lang='grc'><strong>’1.</strong></span> <span class='ocrx_word' id='word_1_280' title='bbox 771 3444 819 3491; x_wconf 91' lang='grc'><strong>1.</strong></span> 
     </span>
    </p>
   </div>
   <div class='ocr_carea' id='block_1_14' title="bbox 322 3517 1449 3658">
    <p class='ocr_par' dir='ltr' id='par_1_14' title="bbox 322 3517 1449 3658">
     <span class='ocr_line' id='line_1_40' title="bbox 398 3517 1445 3574; baseline 0.003 -4"><span class='ocrx_word' id='word_1_281' title='bbox 398 3522 483 3571; x_wconf 89' lang='grc'><strong>10.</strong></span> <span class='ocrx_word' id='word_1_282' title='bbox 508 3518 653 3572; x_wconf 69' lang='lat' dir='ltr'><strong>misi</strong></span> <span class='ocrx_word' id='word_1_283' title='bbox 678 3524 917 3574; x_wconf 78' lang='lat' dir='ltr'><strong>auctor</strong></span> <span class='ocrx_word' id='word_1_284' title='bbox 944 3534 1020 3573; x_wconf 83' lang='lat' dir='ltr'><strong>sc.</strong></span> <span class='ocrx_word' id='word_1_285' title='bbox 1041 3523 1187 3573; x_wconf 79' lang='lat' dir='ltr'><strong>esset.</strong></span> <span class='ocrx_word' id='word_1_286' title='bbox 1224 3517 1445 3574; x_wconf 85' lang='lat' dir='ltr'><strong>Ebenso</strong></span> 
     </span>
     <span class='ocr_line' id='line_1_41' title="bbox 322 3587 1449 3658; baseline 0.004 -18"><span class='ocrx_word' id='word_1_287' title='bbox 322 3587 437 3640; x_wconf 71' lang='lat' dir='ltr'><strong>nisi</strong></span> <span class='ocrx_word' id='word_1_288' title='bbox 480 3593 659 3642; x_wconf 74' lang='lat' dir='ltr'><strong>sontes</strong></span> <span class='ocrx_word' id='word_1_289' title='bbox 698 3592 871 3644; x_wconf 87' lang='lat' dir='ltr'><strong>unten</strong></span> <span class='ocrx_word' id='word_1_290' title='bbox 912 3595 995 3644; x_wconf 90' lang='lat'><strong>11.</strong></span> <span class='ocrx_word' id='word_1_291' title='bbox 1035 3594 1120 3646; x_wconf 81' lang='lat'><strong>39.</strong></span> <span class='ocrx_word' id='word_1_292' title='bbox 1160 3621 1227 3630; x_wconf 94' lang='lat'><strong>——</strong></span> <span class='ocrx_word' id='word_1_293' title='bbox 1264 3606 1449 3658; x_wconf 72' lang='lat' dir='ltr'><strong>quem</strong></span> 
     </span>
    </p>
   </div>
   <div class='ocr_carea' id='block_1_15' title="bbox 323 3658 1445 3784">
    <p class='ocr_par' dir='ltr' id='par_1_15' title="bbox 323 3658 1445 3784">
     <span class='ocr_line' id='line_1_42' title="bbox 323 3658 1445 3784; baseline 0.002 -72"><span class='ocrx_word' id='word_1_294' title='bbox 323 3659 511 3782; x_wconf 47' lang='lat' dir='ltr'><strong>{gin}</strong></span> <span class='ocrx_word' id='word_1_295' title='bbox 541 3658 797 3784; x_wconf 51' lang='grc' dir='ltr'><strong>2121111οη110</strong></span> <span class='ocrx_word' id='word_1_296' title='bbox 835 3659 1071 3730; x_wconf 84' lang='lat' dir='ltr'><strong>beginnt</strong></span> <span class='ocrx_word' id='word_1_297' title='bbox 1102 3660 1195 3715; x_wconf 88' lang='lat' dir='ltr'><strong>die</strong></span> <span class='ocrx_word' id='word_1_298' title='bbox 1223 3677 1301 3716; x_wconf 89' lang='lat' dir='ltr'><strong>or.</strong></span> <span class='ocrx_word' id='word_1_299' title='bbox 1334 3661 1445 3715; x_wconf 92' lang='lat' dir='ltr'><strong>obl.</strong></span> 
     </span>
    </p>
   </div>
   <div class='ocr_carea' id='block_1_16' title="bbox 320 3807 1454 4363">
    <p class='ocr_par' dir='ltr' id='par_1_16' title="bbox 320 3807 1454 4363">
     <span class='ocr_line' id='line_1_43' title="bbox 401 3807 1449 3879; baseline 0.004 -19"><span class='ocrx_word' id='word_1_300' title='bbox 401 3813 485 3863; x_wconf 87' lang='grc'><strong>11.</strong></span> <span class='ocrx_word' id='word_1_301' title='bbox 517 3807 869 3865; x_wconf 75' lang='lat' dir='ltr'><strong>Cebalini.</strong></span> <span class='ocrx_word' id='word_1_302' title='bbox 903 3854 915 3867; x_wconf 89' lang='lat'><strong>.</strong></span> <span class='ocrx_word' id='word_1_303' title='bbox 945 3812 1265 3879; x_wconf 61' lang='lat' dir='ltr'><strong>exemplo,</strong></span> <span class='ocrx_word' id='word_1_304' title='bbox 1301 3811 1449 3866; x_wconf 87' lang='lat' dir='ltr'><strong>nach</strong></span> 
     </span>
     <span class='ocr_line' id='line_1_44' title="bbox 324 3879 1447 3951; baseline 0.003 -19"><span class='ocrx_word' id='word_1_305' title='bbox 324 3879 455 3932; x_wconf 86' lang='lat' dir='ltr'><strong>dem</strong></span> <span class='ocrx_word' id='word_1_306' title='bbox 494 3879 763 3950; x_wconf 79' lang='lat' dir='ltr'><strong>Vorgang</strong></span> <span class='ocrx_word' id='word_1_307' title='bbox 798 3881 896 3936; x_wconf 81' lang='lat' dir='ltr'><strong>des</strong></span> <span class='ocrx_word' id='word_1_308' title='bbox 932 3879 1251 3937; x_wconf 83' lang='lat' dir='ltr'><strong>Cebalinus.</strong></span> <span class='ocrx_word' id='word_1_309' title='bbox 1320 3882 1447 3951; x_wconf 84' lang='lat' dir='ltr'><strong>Vgl.</strong></span> 
     </span>
     <span class='ocr_line' id='line_1_45' title="bbox 324 3949 1453 4022; baseline 0.002 -18"><span class='ocrx_word' id='word_1_310' title='bbox 324 3949 439 4004; x_wconf 86' lang='lat' dir='ltr'><strong>Cic.</strong></span> <span class='ocrx_word' id='word_1_311' title='bbox 478 3949 549 4004; x_wconf 83' lang='lat' dir='ltr'><strong>de</strong></span> <span class='ocrx_word' id='word_1_312' title='bbox 584 3965 700 4020; x_wconf 89' lang='lat' dir='ltr'><strong>rep.</strong></span> <span class='ocrx_word' id='word_1_313' title='bbox 741 3957 791 4005; x_wconf 83' lang='grc'><strong>2.</strong></span> <span class='ocrx_word' id='word_1_314' title='bbox 824 3958 891 4006; x_wconf 84' lang='grc'><strong>31</strong></span> <span class='ocrx_word' id='word_1_315' title='bbox 928 3953 1168 4022; x_wconf 75' lang='lat' dir='ltr'><strong>exemplo</strong></span> <span class='ocrx_word' id='word_1_316' title='bbox 1207 3953 1453 4021; x_wconf 74' lang='lat' dir='ltr'><strong>Pompili</strong></span> 
     </span>
     <span class='ocr_line' id='line_1_46' title="bbox 320 4021 1451 4091; baseline 0.004 -17"><span class='ocrx_word' id='word_1_317' title='bbox 320 4021 593 4089; x_wconf 73' lang='lat' dir='ltr'><strong>populum</strong></span> <span class='ocrx_word' id='word_1_318' title='bbox 628 4023 919 4078; x_wconf 78' lang='lat' dir='ltr'><strong>consuluit.</strong></span> <span class='ocrx_word' id='word_1_319' title='bbox 976 4023 1091 4078; x_wconf 81' lang='lat' dir='ltr'><strong>Aus</strong></span> <span class='ocrx_word' id='word_1_320' title='bbox 1126 4024 1299 4091; x_wconf 75' lang='lat' dir='ltr'><strong>faisse</strong></span> <span class='ocrx_word' id='word_1_321' title='bbox 1332 4039 1451 4078; x_wconf 79' lang='lat' dir='ltr'><strong>ewr-</strong></span> 
     </span>
     <span class='ocr_line' id='line_1_47' title="bbox 324 4091 1450 4178; baseline 0.002 -33"><span class='ocrx_word' id='word_1_322' title='bbox 324 4107 520 4145; x_wconf 74' lang='lat' dir='ltr'><strong>surum</strong></span> <span class='ocrx_word' id='word_1_323' title='bbox 562 4091 641 4148; x_wconf 85' lang='lat' dir='ltr'><strong>ist</strong></span> <span class='ocrx_word' id='word_1_324' title='bbox 685 4095 991 4150; x_wconf 70' lang='lat' dir='ltr'><strong>mua-risse</strong></span> <span class='ocrx_word' id='word_1_325' title='bbox 1046 4113 1114 4148; x_wconf 80' lang='lat' dir='ltr'><strong>zu</strong></span> <span class='ocrx_word' id='word_1_326' title='bbox 1159 4099 1450 4178; x_wconf 59' lang='lat' dir='ltr'><strong>erganzen.</strong></span> 
     </span>
     <span class='ocr_line' id='line_1_48' title="bbox 328 4161 1454 4235; baseline 0.005 -21"><span class='ocrx_word' id='word_1_327' title='bbox 328 4161 433 4215; x_wconf 89' lang='lat' dir='ltr'><strong>Die</strong></span> <span class='ocrx_word' id='word_1_328' title='bbox 491 4161 739 4232; x_wconf 82' lang='lat' dir='ltr'><strong>Sprache</strong></span> <span class='ocrx_word' id='word_1_329' title='bbox 798 4165 900 4220; x_wconf 83' lang='lat' dir='ltr'><strong>der</strong></span> <span class='ocrx_word' id='word_1_330' title='bbox 951 4165 1315 4235; x_wconf 73' lang='lat' dir='ltr'><strong>Indignation</strong></span> <span class='ocrx_word' id='word_1_331' title='bbox 1377 4167 1454 4220; x_wconf 85' lang='lat' dir='ltr'><strong>ist</strong></span> 
     </span>
     <span class='ocr_line' id='line_1_49' title="bbox 328 4234 1454 4306; baseline 0.003 -20"><span class='ocrx_word' id='word_1_332' title='bbox 328 4234 719 4304; x_wconf 63' lang='lat' dir='ltr'><strong>naturgemass</strong></span> <span class='ocrx_word' id='word_1_333' title='bbox 776 4236 901 4291; x_wconf 85' lang='lat' dir='ltr'><strong>eine</strong></span> <span class='ocrx_word' id='word_1_334' title='bbox 955 4236 1327 4306; x_wconf 83' lang='lat' dir='ltr'><strong>abgerissene.</strong></span> <span class='ocrx_word' id='word_1_335' title='bbox 1383 4265 1454 4278; x_wconf 85' lang='lat'><strong>--</strong></span> 
     </span>
     <span class='ocr_line' id='line_1_50' title="bbox 329 4304 1453 4363; baseline 0.006 -7"><span class='ocrx_word' id='word_1_336' title='bbox 329 4304 677 4361; x_wconf 77' lang='lat' dir='ltr'><strong>arbitrum.</strong></span> <span class='ocrx_word' id='word_1_337' title='bbox 734 4306 955 4362; x_wconf 74' lang='lat' dir='ltr'><strong>Ebenso</strong></span> <span class='ocrx_word' id='word_1_338' title='bbox 986 4313 1035 4362; x_wconf 80' lang='lat'><strong>3.</strong></span> <span class='ocrx_word' id='word_1_339' title='bbox 1068 4313 1152 4363; x_wconf 79' lang='lat'><strong>12.</strong></span> <span class='ocrx_word' id='word_1_340' title='bbox 1187 4313 1253 4361; x_wconf 88' lang='grc'><strong>16</strong></span> <span class='ocrx_word' id='word_1_341' title='bbox 1288 4323 1453 4363; x_wconf 78' lang='lat' dir='ltr'><strong>seere-</strong></span> 
     </span>
    </p>
   </div>
   <div class='ocr_carea' id='block_1_17' title="bbox 440 4403 1058 4454">
    <p class='ocr_par' dir='ltr' id='par_1_17' title="bbox 440 4403 1058 4454">
     <span class='ocr_line' id='line_1_51' title="bbox 440 4403 1058 4454; baseline 0.006 -12"><span class='ocrx_word' id='word_1_342' title='bbox 440 4403 629 4454; x_wconf 78' lang='lat' dir='ltr'><strong>Vomm‚</strong></span> <span class='ocrx_word' id='word_1_343' title='bbox 659 4404 709 4453; x_wconf 84' lang='lat' dir='ltr'><strong>Q.</strong></span> <span class='ocrx_word' id='word_1_344' title='bbox 738 4403 940 4447; x_wconf 74' lang='lat' dir='ltr'><strong>Curtius.</strong></span> <span class='ocrx_word' id='word_1_345' title='bbox 995 4405 1058 4446; x_wconf 89' lang='lat'><strong>11.</strong></span> 
     </span>
    </p>
   </div>
   <div class='ocr_carea' id='block_1_18' title="bbox 1545 2499 2677 2626">
    <p class='ocr_par' dir='ltr' id='par_1_18' title="bbox 1545 2499 2677 2626">
     <span class='ocr_line' id='line_1_52' title="bbox 1545 2499 2677 2554; baseline -0.003 0"><span class='ocrx_word' id='word_1_346' title='bbox 1545 2503 1725 2554; x_wconf 74' lang='lat' dir='ltr'><strong>torum</strong></span> <span class='ocrx_word' id='word_1_347' title='bbox 1797 2499 2040 2554; x_wconf 76' lang='lat' dir='ltr'><strong>omnium</strong></span> <span class='ocrx_word' id='word_1_348' title='bbox 2112 2499 2332 2554; x_wconf 60' lang='lat' dir='ltr'><strong>arbiter.</strong></span> <span class='ocrx_word' id='word_1_349' title='bbox 2401 2529 2470 2540; x_wconf 92' lang='lat'><strong>--</strong></span> <span class='ocrx_word' id='word_1_350' title='bbox 2540 2513 2677 2552; x_wconf 73' lang='lat' dir='ltr'><strong>non</strong></span> 
     </span>
     <span class='ocr_line' id='line_1_53' title="bbox 1545 2569 2532 2626; baseline 0 -2"><span class='ocrx_word' id='word_1_351' title='bbox 1545 2586 1834 2626; x_wconf 80' lang='lat' dir='ltr'><strong>vacasse.</strong></span> <span class='ocrx_word' id='word_1_352' title='bbox 1909 2570 2016 2624; x_wconf 86' lang='lat' dir='ltr'><strong>Zur</strong></span> <span class='ocrx_word' id='word_1_353' title='bbox 2053 2569 2235 2625; x_wconf 75' lang='lat' dir='ltr'><strong>Sache</strong></span> <span class='ocrx_word' id='word_1_354' title='bbox 2272 2587 2314 2624; x_wconf 90' lang='lat' dir='ltr'><strong>s.</strong></span> <span class='ocrx_word' id='word_1_355' title='bbox 2355 2573 2403 2624; x_wconf 79' lang='lat'><strong>7.</strong></span> <span class='ocrx_word' id='word_1_356' title='bbox 2444 2573 2532 2624; x_wconf 91' lang='grc'><strong>21.</strong></span> 
     </span>
    </p>
   </div>
   <div class='ocr_carea' id='block_1_19' title="bbox 1549 2656 2682 3436">
    <p class='ocr_par' dir='ltr' id='par_1_19' title="bbox 1549 2656 2682 3436">
     <span class='ocr_line' id='line_1_54' title="bbox 1621 2656 2672 2715; baseline -0.001 -3"><span class='ocrx_word' id='word_1_357' title='bbox 1621 2665 1705 2715; x_wconf 88' lang='grc'><strong>12.</strong></span> <span class='ocrx_word' id='word_1_358' title='bbox 1771 2673 2137 2714; x_wconf 78' lang='lat' dir='ltr'><strong>exonerare</strong></span> <span class='ocrx_word' id='word_1_359' title='bbox 2207 2657 2387 2712; x_wconf 82' lang='lat' dir='ltr'><strong>heisst</strong></span> <span class='ocrx_word' id='word_1_360' title='bbox 2457 2656 2672 2712; x_wconf 81' lang='lat' dir='ltr'><strong>sowohl</strong></span> 
     </span>
     <span class='ocr_line' id='line_1_55' title="bbox 1552 2727 2677 2798; baseline -0.003 -14"><span class='ocrx_word' id='word_1_361' title='bbox 1552 2747 1681 2784; x_wconf 83' lang='lat' dir='ltr'><strong>von</strong></span> <span class='ocrx_word' id='word_1_362' title='bbox 1718 2729 1906 2784; x_wconf 86' lang='lat' dir='ltr'><strong>einer</strong></span> <span class='ocrx_word' id='word_1_363' title='bbox 1941 2729 2105 2782; x_wconf 86' lang='lat' dir='ltr'><strong>Last</strong></span> <span class='ocrx_word' id='word_1_364' title='bbox 2141 2727 2462 2783; x_wconf 82' lang='lat' dir='ltr'><strong>befreien</strong></span> <span class='ocrx_word' id='word_1_365' title='bbox 2499 2730 2584 2798; x_wconf 90' lang='lat' dir='ltr'><strong>&lt;so</strong></span> <span class='ocrx_word' id='word_1_366' title='bbox 2621 2744 2677 2782; x_wconf 79' lang='lat' dir='ltr'><strong>se</strong></span> 
     </span>
     <span class='ocr_line' id='line_1_56' title="bbox 1549 2799 2678 2866; baseline -0.002 -12"><span class='ocrx_word' id='word_1_367' title='bbox 1549 2816 1843 2854; x_wconf 76' lang='lat' dir='ltr'><strong>exonerare</strong></span> <span class='ocrx_word' id='word_1_368' title='bbox 1862 2805 1910 2854; x_wconf 84' lang='lat'><strong>9.</strong></span> <span class='ocrx_word' id='word_1_369' title='bbox 1933 2803 1992 2866; x_wconf 75' lang='lat'><strong>93</strong></span> <span class='ocrx_word' id='word_1_370' title='bbox 2030 2800 2278 2853; x_wconf 74' lang='lat' dir='ltr'><strong>animum</strong></span> <span class='ocrx_word' id='word_1_371' title='bbox 2305 2799 2678 2854; x_wconf 72' lang='lat' dir='ltr'><strong>sollicitudine</strong></span> 
     </span>
     <span class='ocr_line' id='line_1_57' title="bbox 1549 2868 2677 2940; baseline -0.002 -15"><span class='ocrx_word' id='word_1_372' title='bbox 1549 2875 1600 2925; x_wconf 76' lang='lat'><strong>4.</strong></span> <span class='ocrx_word' id='word_1_373' title='bbox 1663 2876 1746 2924; x_wconf 88' lang='lat'><strong>13.</strong></span> <span class='ocrx_word' id='word_1_374' title='bbox 1797 2873 1915 2940; x_wconf 82' lang='lat'><strong>22),</strong></span> <span class='ocrx_word' id='word_1_375' title='bbox 1974 2869 2058 2924; x_wconf 82' lang='lat' dir='ltr'><strong>als</strong></span> <span class='ocrx_word' id='word_1_376' title='bbox 2113 2868 2257 2924; x_wconf 84' lang='lat' dir='ltr'><strong>auch</strong></span> <span class='ocrx_word' id='word_1_377' title='bbox 2314 2870 2466 2923; x_wconf 89' lang='lat' dir='ltr'><strong>eine</strong></span> <span class='ocrx_word' id='word_1_378' title='bbox 2511 2868 2677 2923; x_wconf 82' lang='lat' dir='ltr'><strong>Last</strong></span> 
     </span>
     <span class='ocr_line' id='line_1_58' title="bbox 1550 2937 2677 3009; baseline -0.001 -15"><span class='ocrx_word' id='word_1_379' title='bbox 1550 2940 2015 2996; x_wconf 68' lang='lat' dir='ltr'><strong>abschfitteln.</strong></span> <span class='ocrx_word' id='word_1_380' title='bbox 2136 2937 2209 2994; x_wconf 87' lang='lat' dir='ltr'><strong>So</strong></span> <span class='ocrx_word' id='word_1_381' title='bbox 2290 2941 2420 3009; x_wconf 83' lang='lat' dir='ltr'><strong>sagt</strong></span> <span class='ocrx_word' id='word_1_382' title='bbox 2502 2939 2677 2994; x_wconf 84' lang='lat' dir='ltr'><strong>sehon</strong></span> 
     </span>
     <span class='ocr_line' id='line_1_59' title="bbox 1549 3011 2674 3078; baseline -0.001 -13"><span class='ocrx_word' id='word_1_383' title='bbox 1549 3011 1763 3066; x_wconf 83' lang='lat' dir='ltr'><strong>Livius:</strong></span> <span class='ocrx_word' id='word_1_384' title='bbox 1801 3027 2094 3067; x_wconf 67' lang='lat' dir='ltr'><strong>exonerare</strong></span> <span class='ocrx_word' id='word_1_385' title='bbox 2127 3011 2304 3078; x_wconf 70' lang='lat' dir='ltr'><strong>fidem,</strong></span> <span class='ocrx_word' id='word_1_386' title='bbox 2342 3025 2499 3064; x_wconf 74' lang='lat' dir='ltr'><strong>exon.</strong></span> <span class='ocrx_word' id='word_1_387' title='bbox 2538 3011 2674 3064; x_wconf 64' lang='lat' dir='ltr'><strong>ntal-</strong></span> 
     </span>
     <span class='ocr_line' id='line_1_60' title="bbox 1549 3080 2674 3162; baseline -0.004 -24"><span class='ocrx_word' id='word_1_388' title='bbox 1549 3083 1840 3138; x_wconf 73' lang='lat' dir='ltr'><strong>titudinem</strong></span> <span class='ocrx_word' id='word_1_389' title='bbox 1865 3083 2223 3148; x_wconf 69' lang='lat' dir='ltr'><strong>inconditam,</strong></span> <span class='ocrx_word' id='word_1_390' title='bbox 2241 3081 2391 3136; x_wconf 87' lang='lat' dir='ltr'><strong>noch</strong></span> <span class='ocrx_word' id='word_1_391' title='bbox 2413 3080 2674 3162; x_wconf 66' lang='lat' dir='ltr'><strong>haufiger</strong></span> 
     </span>
     <span class='ocr_line' id='line_1_61' title="bbox 1550 3151 2675 3209; baseline -0.003 -1"><span class='ocrx_word' id='word_1_392' title='bbox 1550 3153 1740 3208; x_wconf 88' lang='lat' dir='ltr'><strong>haben</strong></span> <span class='ocrx_word' id='word_1_393' title='bbox 1788 3153 1942 3209; x_wconf 86' lang='lat' dir='ltr'><strong>diese</strong></span> <span class='ocrx_word' id='word_1_394' title='bbox 1997 3153 2225 3208; x_wconf 82' lang='lat' dir='ltr'><strong>letztere</strong></span> <span class='ocrx_word' id='word_1_395' title='bbox 2275 3151 2675 3208; x_wconf 83' lang='lat' dir='ltr'><strong>Construktion</strong></span> 
     </span>
     <span class='ocr_line' id='line_1_62' title="bbox 1551 3222 2682 3282; baseline 0 -4"><span class='ocrx_word' id='word_1_396' title='bbox 1551 3225 1642 3278; x_wconf 87' lang='lat' dir='ltr'><strong>die</strong></span> <span class='ocrx_word' id='word_1_397' title='bbox 1697 3223 1929 3280; x_wconf 85' lang='lat' dir='ltr'><strong>Dichter</strong></span> <span class='ocrx_word' id='word_1_398' title='bbox 1993 3223 2107 3280; x_wconf 89' lang='lat' dir='ltr'><strong>und</strong></span> <span class='ocrx_word' id='word_1_399' title='bbox 2167 3222 2478 3282; x_wconf 83' lang='lat' dir='ltr'><strong>nachclass.</strong></span> <span class='ocrx_word' id='word_1_400' title='bbox 2541 3222 2682 3278; x_wconf 89' lang='lat' dir='ltr'><strong>Pro-</strong></span> 
     </span>
     <span class='ocr_line' id='line_1_63' title="bbox 1551 3295 2682 3364; baseline 0 -14"><span class='ocrx_word' id='word_1_401' title='bbox 1551 3295 1752 3351; x_wconf 82' lang='lat' dir='ltr'><strong>saiker.</strong></span> <span class='ocrx_word' id='word_1_402' title='bbox 1785 3327 1851 3336; x_wconf 93' lang='lat'><em>-</em></span> <span class='ocrx_word' id='word_1_403' title='bbox 1886 3312 2005 3364; x_wconf 77' lang='lat' dir='ltr'><strong>per</strong></span> <span class='ocrx_word' id='word_1_404' title='bbox 2040 3295 2269 3352; x_wconf 78' lang='lat' dir='ltr'><strong>ludum</strong></span> <span class='ocrx_word' id='word_1_405' title='bbox 2305 3295 2682 3364; x_wconf 75' lang='lat' dir='ltr'><strong>iocumque,</strong></span> 
     </span>
     <span class='ocr_line' id='line_1_64' title="bbox 1553 3365 2315 3436; baseline 0.001 -16"><span class='ocrx_word' id='word_1_406' title='bbox 1553 3365 1970 3436; x_wconf 80' lang='lat' dir='ltr'><strong>hyperbolisch.</strong></span> <span class='ocrx_word' id='word_1_407' title='bbox 2047 3365 2101 3422; x_wconf 85' lang='lat' dir='ltr'><strong>S.</strong></span> <span class='ocrx_word' id='word_1_408' title='bbox 2144 3372 2192 3424; x_wconf 82' lang='grc'><strong>’1.</strong></span> <span class='ocrx_word' id='word_1_409' title='bbox 2233 3372 2315 3422; x_wconf 84' lang='grc'><strong>19.</strong></span> 
     </span>
    </p>
   </div>
   <div class='ocr_carea' id='block_1_20' title="bbox 1556 3455 2695 4293">
    <p class='ocr_par' dir='ltr' id='par_1_20' title="bbox 1556 3455 2695 4293">
     <span class='ocr_line' id='line_1_65' title="bbox 1629 3455 2683 3525; baseline -0.001 -14"><span class='ocrx_word' id='word_1_410' title='bbox 1629 3463 1712 3511; x_wconf 82' lang='grc'><strong>13.</strong></span> <span class='ocrx_word' id='word_1_411' title='bbox 1753 3473 1871 3511; x_wconf 80' lang='lat' dir='ltr'><strong>cur</strong></span> <span class='ocrx_word' id='word_1_412' title='bbox 1905 3457 2153 3525; x_wconf 61' lang='grc' dir='ltr'><strong>ὁρίων,</strong></span> <span class='ocrx_word' id='word_1_413' title='bbox 2196 3455 2302 3510; x_wconf 82' lang='lat' dir='ltr'><strong>wie</strong></span> <span class='ocrx_word' id='word_1_414' title='bbox 2337 3473 2473 3510; x_wconf 71' lang='lat' dir='ltr'><strong>mom</strong></span> <span class='ocrx_word' id='word_1_415' title='bbox 2507 3457 2683 3525; x_wconf 62' lang='grc' dir='ltr'><strong>ἐρίων</strong></span> 
     </span>
     <span class='ocr_line' id='line_1_66' title="bbox 1560 3526 2681 3584; baseline -0.001 -3"><span class='ocrx_word' id='word_1_416' title='bbox 1560 3533 1642 3581; x_wconf 88' lang='grc'><strong>10.</strong></span> <span class='ocrx_word' id='word_1_417' title='bbox 1683 3532 1766 3583; x_wconf 89' lang='grc'><strong>18.</strong></span> <span class='ocrx_word' id='word_1_418' title='bbox 1815 3557 1882 3566; x_wconf 91' lang='lat'><strong>—-</strong></span> <span class='ocrx_word' id='word_1_419' title='bbox 1931 3529 2368 3584; x_wconf 72' lang='lat' dir='ltr'><strong>extraxisset.</strong></span> <span class='ocrx_word' id='word_1_420' title='bbox 2453 3526 2681 3582; x_wconf 84' lang='lat' dir='ltr'><strong>Direkt:</strong></span> 
     </span>
     <span class='ocr_line' id='line_1_67' title="bbox 1557 3596 2682 3668; baseline -0.001 -16"><span class='ocrx_word' id='word_1_421' title='bbox 1557 3599 1816 3654; x_wconf 72' lang='lat' dir='ltr'><strong>extraxit.</strong></span> <span class='ocrx_word' id='word_1_422' title='bbox 1873 3598 1985 3653; x_wconf 89' lang='lat' dir='ltr'><strong>Der</strong></span> <span class='ocrx_word' id='word_1_423' title='bbox 2006 3596 2230 3654; x_wconf 83' lang='lat' dir='ltr'><strong>Connex</strong></span> <span class='ocrx_word' id='word_1_424' title='bbox 2251 3599 2524 3668; x_wconf 78' lang='lat' dir='ltr'><strong>verlangt,</strong></span> <span class='ocrx_word' id='word_1_425' title='bbox 2554 3598 2682 3652; x_wconf 85' lang='lat' dir='ltr'><strong>dass</strong></span> 
     </span>
     <span class='ocr_line' id='line_1_68' title="bbox 1557 3668 2684 3740; baseline 0 -16"><span class='ocrx_word' id='word_1_426' title='bbox 1557 3685 1689 3724; x_wconf 88' lang='lat' dir='ltr'><strong>man</strong></span> <span class='ocrx_word' id='word_1_427' title='bbox 1744 3670 1972 3724; x_wconf 71' lang='lat' dir='ltr'><strong>biduum</strong></span> <span class='ocrx_word' id='word_1_428' title='bbox 2015 3670 2100 3724; x_wconf 86' lang='lat' dir='ltr'><strong>als</strong></span> <span class='ocrx_word' id='word_1_429' title='bbox 2157 3685 2272 3727; x_wconf 88' lang='lat' dir='ltr'><strong>acc.</strong></span> <span class='ocrx_word' id='word_1_430' title='bbox 2323 3672 2496 3740; x_wconf 85' lang='lat' dir='ltr'><strong>temp.</strong></span> <span class='ocrx_word' id='word_1_431' title='bbox 2541 3668 2684 3724; x_wconf 82' lang='lat' dir='ltr'><strong>fasst</strong></span> 
     </span>
     <span class='ocr_line' id='line_1_69' title="bbox 1556 3739 2680 3811; baseline 0.001 -17"><span class='ocrx_word' id='word_1_432' title='bbox 1556 3739 1674 3794; x_wconf 89' lang='lat' dir='ltr'><strong>und</strong></span> <span class='ocrx_word' id='word_1_433' title='bbox 1719 3757 1806 3795; x_wconf 76' lang='lat' dir='ltr'><strong>eos</strong></span> <span class='ocrx_word' id='word_1_434' title='bbox 1851 3741 2108 3810; x_wconf 84' lang='lat' dir='ltr'><strong>supplirt.</strong></span> <span class='ocrx_word' id='word_1_435' title='bbox 2193 3740 2314 3794; x_wconf 87' lang='lat' dir='ltr'><strong>Den</strong></span> <span class='ocrx_word' id='word_1_436' title='bbox 2361 3740 2680 3811; x_wconf 78' lang='lat' dir='ltr'><strong>Gegensatz</strong></span> 
     </span>
     <span class='ocr_line' id='line_1_70' title="bbox 1559 3809 2684 3867; baseline 0.002 -3"><span class='ocrx_word' id='word_1_437' title='bbox 1559 3829 1627 3865; x_wconf 83' lang='lat' dir='ltr'><strong>zu</strong></span> <span class='ocrx_word' id='word_1_438' title='bbox 1676 3812 1954 3866; x_wconf 62' lang='lat' dir='ltr'><strong>exwahere</strong></span> <span class='ocrx_word' id='word_1_439' title='bbox 2007 3810 2438 3867; x_wconf 79' lang='lat' dir='ltr'><strong>‘hinhalten’</strong></span> <span class='ocrx_word' id='word_1_440' title='bbox 2500 3809 2684 3866; x_wconf 86' lang='lat' dir='ltr'><strong>bildet</strong></span> 
     </span>
     <span class='ocr_line' id='line_1_71' title="bbox 1559 3881 2680 3952; baseline 0.002 -16"><span class='ocrx_word' id='word_1_441' title='bbox 1559 3883 1662 3936; x_wconf 78' lang='lat' dir='ltr'><strong>das</strong></span> <span class='ocrx_word' id='word_1_442' title='bbox 1723 3882 1984 3952; x_wconf 79' lang='lat' dir='ltr'><strong>folgende</strong></span> <span class='ocrx_word' id='word_1_443' title='bbox 2049 3883 2432 3938; x_wconf 72' lang='lat' dir='ltr'><strong>dimittendum</strong></span> <span class='ocrx_word' id='word_1_444' title='bbox 2492 3881 2680 3948; x_wconf 76' lang='lat' dir='ltr'><strong>fuisse.</strong></span> 
     </span>
     <span class='ocr_line' id='line_1_72' title="bbox 1561 3952 2676 4023; baseline -0.001 -15"><span class='ocrx_word' id='word_1_445' title='bbox 1561 3952 1690 4023; x_wconf 87' lang='lat' dir='ltr'><strong>Vgl.</strong></span> <span class='ocrx_word' id='word_1_446' title='bbox 1727 3953 1847 4009; x_wconf 85' lang='lat' dir='ltr'><strong>Liv.</strong></span> <span class='ocrx_word' id='word_1_447' title='bbox 1888 3959 1938 4010; x_wconf 80' lang='lat'><strong>2.</strong></span> <span class='ocrx_word' id='word_1_448' title='bbox 1977 3960 2062 4009; x_wconf 83' lang='lat'><strong>23.</strong></span> <span class='ocrx_word' id='word_1_449' title='bbox 2103 3959 2169 4008; x_wconf 85' lang='lat'><strong>13</strong></span> <span class='ocrx_word' id='word_1_450' title='bbox 2208 3953 2358 4007; x_wconf 76' lang='lat' dir='ltr'><strong>eludi</strong></span> <span class='ocrx_word' id='word_1_451' title='bbox 2394 3957 2554 4022; x_wconf 72' lang='lat' dir='ltr'><strong>atque</strong></span> <span class='ocrx_word' id='word_1_452' title='bbox 2592 3969 2676 4007; x_wconf 72' lang='lat' dir='ltr'><strong>em·</strong></span> 
     </span>
     <span class='ocr_line' id='line_1_73' title="bbox 1560 4023 2695 4106; baseline -0.002 -27"><span class='ocrx_word' id='word_1_453' title='bbox 1560 4025 1712 4080; x_wconf 78' lang='lat' dir='ltr'><strong>trahi</strong></span> <span class='ocrx_word' id='word_1_454' title='bbox 1737 4040 1792 4080; x_wconf 81' lang='lat' dir='ltr'><strong>se</strong></span> <span class='ocrx_word' id='word_1_455' title='bbox 1808 4025 2100 4080; x_wconf 77' lang='lat' dir='ltr'><strong>multitudo</strong></span> <span class='ocrx_word' id='word_1_456' title='bbox 2119 4029 2340 4106; x_wconf 76' lang='lat' dir='ltr'><strong>putare.</strong></span> <span class='ocrx_word' id='word_1_457' title='bbox 2379 4023 2695 4079; x_wconf 87' lang='lat' dir='ltr'><strong>Ueblioher-</strong></span> 
     </span>
     <span class='ocr_line' id='line_1_74' title="bbox 1559 4094 2686 4150; baseline -0.001 -1"><span class='ocrx_word' id='word_1_458' title='bbox 1559 4095 1638 4149; x_wconf 87' lang='lat' dir='ltr'><strong>ist</strong></span> <span class='ocrx_word' id='word_1_459' title='bbox 1683 4095 1774 4150; x_wconf 87' lang='lat' dir='ltr'><strong>die</strong></span> <span class='ocrx_word' id='word_1_460' title='bbox 1813 4094 2210 4150; x_wconf 75' lang='lat' dir='ltr'><strong>Construktion</strong></span> <span class='ocrx_word' id='word_1_461' title='bbox 2253 4095 2535 4150; x_wconf 64' lang='lat' dir='ltr'><strong>extrahere</strong></span> <span class='ocrx_word' id='word_1_462' title='bbox 2573 4110 2686 4149; x_wconf 83' lang='lat' dir='ltr'><strong>rem</strong></span> 
     </span>
     <span class='ocr_line' id='line_1_75' title="bbox 1560 4166 2682 4236; baseline 0 -16"><span class='ocrx_word' id='word_1_463' title='bbox 1560 4167 1698 4220; x_wconf 88' lang='lat' dir='ltr'><strong>oder</strong></span> <span class='ocrx_word' id='word_1_464' title='bbox 1741 4171 1876 4222; x_wconf 66' lang='lat' dir='ltr'><strong>extr.</strong></span> <span class='ocrx_word' id='word_1_465' title='bbox 1932 4172 2140 4236; x_wconf 74' lang='lat' dir='ltr'><strong>tempus</strong></span> <span class='ocrx_word' id='word_1_466' title='bbox 2192 4182 2264 4220; x_wconf 84' lang='lat' dir='ltr'><strong>re</strong></span> <span class='ocrx_word' id='word_1_467' title='bbox 2314 4166 2566 4234; x_wconf 77' lang='lat' dir='ltr'><strong>aliqua.</strong></span> <span class='ocrx_word' id='word_1_468' title='bbox 2617 4195 2682 4206; x_wconf 90' lang='lat'><strong>--</strong></span> 
     </span>
     <span class='ocr_line' id='line_1_76' title="bbox 1561 4235 2682 4293; baseline -0.001 -1"><span class='ocrx_word' id='word_1_469' title='bbox 1561 4239 1938 4292; x_wconf 76' lang='lat' dir='ltr'><strong>damnabat.</strong></span> <span class='ocrx_word' id='word_1_470' title='bbox 2013 4237 2196 4291; x_wconf 87' lang='lat' dir='ltr'><strong>Ueber</strong></span> <span class='ocrx_word' id='word_1_471' title='bbox 2233 4235 2325 4291; x_wconf 89' lang='lat' dir='ltr'><strong>die</strong></span> <span class='ocrx_word' id='word_1_472' title='bbox 2361 4235 2592 4293; x_wconf 85' lang='lat' dir='ltr'><strong>Bedeut.</strong></span> <span class='ocrx_word' id='word_1_473' title='bbox 2629 4239 2682 4291; x_wconf 87' lang='lat' dir='ltr'><strong>d.</strong></span> 
     </span>
    </p>
   </div>
   <div class='ocr_carea' id='block_1_21' title="bbox 1561 4307 2518 4450">
    <p class='ocr_par' dir='ltr' id='par_1_21' title="bbox 1561 4307 2518 4450">
     <span class='ocr_line' id='line_1_77' title="bbox 1561 4307 2518 4365; baseline 0.001 -2"><span class='ocrx_word' id='word_1_474' title='bbox 1561 4308 1788 4365; x_wconf 82' lang='lat' dir='ltr'><strong>Wortes</strong></span> <span class='ocrx_word' id='word_1_475' title='bbox 1826 4325 1868 4362; x_wconf 91' lang='lat' dir='ltr'><strong>s.</strong></span> <span class='ocrx_word' id='word_1_476' title='bbox 1908 4308 1959 4362; x_wconf 83' lang='lat' dir='ltr'><strong>d.</strong></span> <span class='ocrx_word' id='word_1_477' title='bbox 1998 4307 2145 4363; x_wconf 83' lang='lat' dir='ltr'><strong>Note</strong></span> <span class='ocrx_word' id='word_1_478' title='bbox 2183 4325 2252 4361; x_wconf 78' lang='lat' dir='ltr'><strong>zu</strong></span> <span class='ocrx_word' id='word_1_479' title='bbox 2285 4313 2338 4362; x_wconf 80' lang='lat'><strong>3.</strong></span> <span class='ocrx_word' id='word_1_480' title='bbox 2377 4314 2426 4363; x_wconf 87' lang='grc'><strong>2.</strong></span> <span class='ocrx_word' id='word_1_481' title='bbox 2470 4313 2518 4365; x_wconf 91' lang='grc'><strong>1.</strong></span> 
     </span>
     <span class='ocr_line' id='line_1_78' title="bbox 2224 4402 2257 4450; baseline 0 0"><span class='ocrx_word' id='word_1_482' title='bbox 2224 4402 2257 4450; x_wconf 83' lang='grc'><strong>3</strong></span> 
     </span>
    </p>
   </div>
   <div class='ocr_carea' id='block_1_22' title="bbox 2005 1896 2774 1967">
    <p class='ocr_par' dir='ltr' id='par_1_22' title="bbox 2005 1896 2774 1967">
     <span class='ocr_line' id='line_1_79' title="bbox 2005 1896 2774 1967; baseline 0.007 -6"><span class='ocrx_word' id='word_1_483' title='bbox 2005 1896 2099 1961; x_wconf 91' lang='lat' dir='ltr'><strong>At</strong></span> <span class='ocrx_word' id='word_1_484' title='bbox 2162 1897 2334 1962; x_wconf 89' lang='lat' dir='ltr'><strong>enim</strong></span> <span class='ocrx_word' id='word_1_485' title='bbox 2407 1918 2474 1961; x_wconf 91' lang='lat' dir='ltr'><strong>se</strong></span> <span class='ocrx_word' id='word_1_486' title='bbox 2536 1917 2669 1961; x_wconf 91' lang='lat' dir='ltr'><strong>non</strong></span> <span class='ocrx_word' id='word_1_487' title='bbox 2711 1919 2774 1967; x_wconf 85' lang='lat'><strong>13</strong></span> 
     </span>
    </p>
   </div>
  </div>
 </body>
</html>
