3069 4749
399 128 445 191 2
1308 126 1373 192 Q.
1416 125 1640 181 CURTI
1672 124 1846 180 RUFI

400 290 480 355 ab
532 289 895 355 Alexandro
950 289 1177 354 missus
1230 288 1525 354 barbaros
1577 289 1665 354 ad
1714 288 2102 368 defectionem
2161 289 2490 370 inpulisset
2555 290 2758 370 adque

399 399 538 444 eam
563 378 1064 460 conprimendam
1090 377 1425 460 Antipater
1450 378 1781 442 exercitum
1806 397 1881 442 ex
1907 377 2282 441 Macedonia
2307 378 2378 441 in
2411 375 2756 442 Thraciam

400 468 697 550 duxisset,
750 468 1200 568 opportunitate
1246 467 1532 548 temporis
1585 471 1829 530 strenue
1880 467 1982 530 usi
2034 465 2507 530 Lacedaem0nii
2561 471 2751 530 totam

399 555 883 638 Peloponnesum
924 557 1151 638 paucis
1207 555 1459 619 urbibus
1502 556 1764 637 exceptis
1808 555 1877 618 in
1921 560 2139 636 partes
2183 559 2508 618 traxerunt
2551 556 2750 635 confe-

398 650 604 726 ctoque
656 645 923 709 exercitu
974 643 1199 726 viqinti
1250 643 1498 708 milium
1549 644 1831 725 peditum
1885 663 2026 706 cum
2061 643 2380 724 equitibus
2437 643 2528 708 bis
2581 645 2762 709 mille

397 733 597 816 Aqidi
639 753 952 798 summam
996 733 1247 814 imperii
1290 732 1650 797 detulerunt.
1730 732 2064 813 Antipater
2108 753 2179 796 ea
2214 751 2282 796 re
2316 737 2601 814 conperta
2638 733 2752 798 bel-

399 824 529 888 lum
573 823 644 886 in
691 821 996 904 Thracia,
1048 821 1269 904 quibus
1313 825 1511 903 potest
1553 821 2032 902 condicionibus,
2076 823 2364 902 conponit
2404 823 2757 903 raptimque

396 913 468 976 in
504 911 838 976 Graeciam
879 930 1185 993 reqressus
1220 909 1298 974 ab
1333 910 1555 974 amicis
1587 910 1882 991 sociisque
1915 909 2262 974 civitatibus
2295 910 2542 974 auxilia
2577 912 2750 992 coqit.

402 1000 639 1080 Quibus
673 999 1160 1065 convenientibus
1195 999 1283 1064 ad
1313 999 1732 1082 quadraginta
1755 1003 2179 1084 puqnatorum
2214 999 2397 1063 milia
2429 1001 2744 1064 recensuit.

398 1090 755 1155 Advenerat
814 1093 872 1153 et
932 1109 1004 1153 ex
1069 1087 1481 1169 Peloponneso
1543 1087 1756 1152 valida
1817 1107 2075 1152 manus:
2140 1088 2247 1152 sed
2295 1088 2446 1169 quia
2496 1088 2750 1152 dubiam

397 1180 673 1260 ipsorum
716 1178 899 1259 fidem
942 1177 1279 1260 resciverat,
1325 1177 1721 1242 dissimulata
1755 1177 2096 1258 suspicione
2123 1176 2368 1258 qratias
2411 1177 2546 1259 eqit,
2588 1177 2752 1258 quod

398 1268 485 1332 ad
516 1267 955 1346 defendendam
990 1267 1280 1330 adversus
1312 1263 1828 1330 Lacedaemonios
1853 1265 2210 1330 Alexandri
2243 1266 2602 1347 diqnitatem
2636 1267 2750 1330 ad-

395 1356 692 1436 fuissent:
736 1355 1112 1437 scripturum
1155 1375 1218 1420 se
1260 1355 1333 1420 id
1370 1355 1503 1438 reqi
1539 1356 1820 1436 qratiam
1861 1355 1934 1418 in
1979 1359 2242 1435 tempore
2283 1354 2571 1419 relaturo.
2661 1354 2754 1418 In

385 1463 687 1527 praesens
738 1443 902 1508 nihil
946 1463 1097 1524 opus
1142 1463 1264 1508 esse
1307 1443 1648 1508 maioribus
1689 1443 1913 1524 copiis:
1969 1444 2176 1524 itaque
2227 1443 2436 1508 domos
2479 1443 2756 1508 redirent

393 1533 658 1615 foederis
700 1533 1047 1598 necessitate
1080 1532 1332 1615 expleta.
1414 1532 1692 1596 Nuntios
1725 1533 1940 1596 deinde
1974 1533 2063 1596 ad
2093 1531 2525 1596 Alexandrum
2560 1533 2759 1596 mittit

327 1625 331 1633 '
398 1623 471 1687 de
529 1627 701 1686 motu
765 1621 1066 1686 Graeciae
1127 1621 1441 1686 certiorem
1500 1620 1793 1700 facturos.
1899 1620 2106 1702 Atque
2166 1620 2268 1684 illi
2328 1640 2524 1703 reqem
2583 1622 2755 1702 apud

399 1711 645 1776 Bactra
688 1711 934 1774 demum
977 1709 1276 1774 consecuti
1318 1715 1490 1792 sunt,
1545 1729 1686 1774 cum
1728 1711 1981 1773 interim
2023 1709 2354 1790 Antipatri
2395 1711 2652 1773 victoria
2695 1713 2759 1774 et

396 1820 537 1864 nece
580 1799 807 1882 Aqidis
854 1800 925 1862 in
966 1799 1251 1864 Arcadia
1296 1803 1678 1862 transactum
1731 1803 1897 1863 esset.
1987 1797 2154 1863 Sane
2205 1799 2338 1862 iam
2368 1799 2610 1879 pridem
2655 1803 2752 1862 tu-

400 1889 605 1957 multu
666 1889 1293 1954 Lacedaemoniorum
1344 1889 1606 1970 coqnito,
1667 1892 1970 1969 quantum
2033 1892 2120 1952 tot
2171 1892 2478 1952 terrarum
2530 1887 2752 1969 spatiis

399 1978 697 2044 discretus
713 1982 974 2060 poterat,
1004 1976 1384 2058 providerat·
1420 1972 1930 2078 Amphoterum⁸)
1959 1997 2098 2040 cwm
2127 1973 2373 2059 Cypriis
2399 1981 2458 2040 et
2481 1975 2753 2040 Phoeni·-

398 2067 513 2132 ciis
556 2067 818 2131 navibus
861 2067 933 2130 in
966 2065 1452 2148 Peloponnesum
1493 2066 1805 2149 naviqare,
1850 2066 2137 2130 Meneten
2181 2066 2309 2128 tria
2341 2065 2524 2128 milia
2560 2065 2751 2130 talen-

400 2161 533 2221 tum
587 2157 674 2220 ad
727 2175 901 2220 mare
953 2155 1185 2235 deferre
1226 2156 1516 2238 iusserat,
1569 2159 1644 2220 ut
1683 2175 1759 2220 ex
1791 2155 2142 2236 propinquo
2188 2155 2518 2235 pecuniam
2560 2153 2752 2219 Anti-

388 2249 579 2346 patro
632 2243 1151 2326 subministraret,
1212 2247 1449 2326 quanta
1509 2243 1693 2308 illum
1751 2243 2023 2326 indigere
2075 2245 2452 2325 coqnovisset.
2552 2241 2755 2308 Pr0be

399 2334 565 2399 enim
588 2336 1009 2416 perspexerat,
1045 2333 1266 2414 quanti
1300 2333 1387 2399 ad
1418 2333 1633 2398 omnia
1667 2333 1959 2398 momenti
1992 2337 2192 2398 motus
2216 2333 2400 2399 istius
2425 2331 2752 2397 inclinatio

396 2423 621 2503 futura
680 2426 857 2505 esset,
922 2441 1299 2503 quamquam
1362 2422 1641 2505 deinceps
1693 2427 1930 2503 accepto
1986 2422 2275 2487 victoriae
2336 2422 2558 2485 nuntio
2617 2421 2754 2487 suis

402 2510 683 2593 operibus
725 2512 797 2574 id
838 2511 1171 2577 discrimen
1213 2530 1563 2613 conparans
1607 2511 1886 2575 murium
1919 2531 2058 2575 eam
2097 2531 2372 2613 puqnam
2412 2511 2608 2590 fuisse
2648 2530 2750 2575 cae

398 2599 654 2664 villatus
698 2604 800 2665 est.
892 2596 1169 2665 Ceterum
1210 2600 1540 2682 principia
1581 2601 1712 2665 eius
1757 2600 1898 2665 belli
1939 2599 2114 2664 haud
2154 2600 2516 2681 inprospera
2559 2604 2750 2665 Lace-

399 2688 743 2753 daemoniis
794 2688 983 2769 fuere.
1080 2688 1279 2753 quta
1332 2687 1718 2791 Corrhaqum
1768 2688 2173 2755 Macedoniae
2235 2687 2549 2753 castellum
2611 2708 2754 2753 cem

398 2776 729 2859 Antipatri
764 2778 1067 2843 militibus
1101 2778 1404 2860 conqressi
1438 2779 1693 2843 victores
1727 2778 2086 2843 extiterant:
2134 2782 2191 2841 et
2231 2778 2324 2843 rei
2367 2777 2510 2841 bene
2549 2782 2756 2858 qestae

395 2865 577 2947 fama
620 2868 824 2949 etiam,
872 2868 981 2948 qui
1024 2868 1331 2949 suspensis
1368 2867 1672 2931 mentibus
1712 2866 2035 2948 fortunam
2069 2871 2499 2950 spectaverant,
2541 2867 2614 2929 in
2655 2884 2752 2931 so-

399 2957 673 3019 cietatem
716 2975 926 3019 eorum
958 2956 1259 3037 pertracti
1302 2960 1465 3021 sunt.
1567 2954 1710 3021 Una
1753 2976 1827 3021 ex
1859 2956 2039 3020 Eleis
2073 2954 2454 3036 Achaeisque
2495 2954 2754 3021 urbibus

397 3044 642 3109 Pellene
709 3044 925 3124 foedus
986 3044 1433 3125 aspernabatur
1488 3049 1550 3108 et
1607 3045 1678 3109 in
1729 3043 2014 3109 Arcadia
2065 3042 2562 3127 Meqalopolis4),
2619 3044 2754 3124 fida

397 3133 840 3198 Macedonibus
867 3132 937 3197 ob
965 3132 1251 3215 Philippi
1275 3134 1654 3211 memoriam,
1691 3154 1733 3197 a
1768 3154 1886 3214 quo
1922 3134 2224 3215 beneficiis
2251 3134 2492 3213 adfecta
2521 3134 2754 3213 fuerat.

399 3220 525 3286 Sed
564 3221 709 3285 haec
753 3227 885 3286 arte
928 3223 1325 3287 circumsessa
1366 3221 1541 3287 haud
1570 3223 1793 3305 procul
1837 3223 2138 3287 deditione
2180 3222 2406 3305 aberat,
2450 3222 2580 3285 nisi
2616 3226 2750 3285 tan-

397 3312 535 3375 dem
587 3310 922 3392 Antipater
974 3311 1355 3375 subvenisset.
1454 3310 1529 3376 Is
1583 3316 1912 3393 postquam
1965 3310 2171 3377 castra
2224 3311 2442 3375 castris
2493 3310 2753 3375 contulit

398 3419 574 3481 seque
598 3419 853 3463 numero
888 3400 1162 3463 militum
1196 3399 1438 3482 alioque
1463 3406 1778 3483 apparatu
1803 3402 2177 3483 superiorem
2203 3400 2526 3482 conspexit,
2559 3419 2750 3481 quam

385 3488 674 3570 primum
718 3489 791 3552 de
832 3508 1079 3553 murima
1122 3508 1331 3553 rerum
1364 3489 1608 3571 proelio
1653 3491 2001 3555 contendere
2043 3490 2284 3553 statuit:
2331 3508 2518 3569 neque
2561 3488 2750 3553 Lace-

397 3577 708 3641 daemonii
761 3578 1155 3643 detrectavere
1206 3582 1527 3643 certamen.
1625 3578 1736 3643 Ita
1789 3578 2116 3643 commissa
2167 3582 2257 3643 est
2293 3598 2540 3660 puqna,
2593 3596 2751 3658 quac

396 3686 529 3730 rem
563 3664 950 3748 Spartanam
984 3667 1281 3731 maiorem
1315 3668 1387 3731 in
1422 3668 1674 3731 modum
1707 3667 1974 3748 adflixit.
2051 3664 2209 3731 Gum
2243 3667 2408 3731 enim
2443 3666 2752 3748 anqustiis

374 3755 689 3839 locorum,
742 3756 816 3819 in
858 3755 1077 3837 quibus
1116 3756 1548 3838 puqnabatur,
1601 3756 1842 3839 confisi,
1895 3754 2004 3819 ubi
2046 3754 2204 3821 hosti
2246 3755 2492 3819 nullum
2537 3754 2748 3819 multi—

397 3845 632 3909 tudinis
683 3864 867 3909 usum
917 3844 1203 3924 futurum
1256 3846 1600 3928 credebant,
1653 3846 1927 3909 animose
1979 3846 2282 3927 conqressi
2321 3849 2517 3909 essent
2558 3862 2750 3925 neque

395 3932 761 3999 Macedones
805 3934 1044 4017 inpiqre
1086 3935 1449 4013 resisterent,
1496 3934 1764 3999 multum
1806 3935 2135 4016 sanquinis
2175 3934 2389 4014 fusum
2433 3937 2536 3997 est.
2627 3930 2752 3997 Sed

540 4090 584 4192 Ξ)
620 4090 806 4146 Ueber
844 4090 1220 4160 Amphoterus
1256 4088 1370 4159 vgl.
1409 4096 1459 4144 3.
1502 4096 1549 4146 1.
1592 4096 1684 4158 19·
1721 4096 1771 4146 4.
1812 4096 1986 4147 8.15.

540 4162 582 4229 4)
620 4161 723 4215 Die
758 4162 838 4214 im
864 4162 1190 4231 Folgenden
1220 4160 1569 4215 ausfuhrlioh
1598 4163 1845 4217 εηῆὴΙὺθ
1875 4162 2143 4216 Sohlacht
2169 4160 2401 4215 wurde
2384 4177 2464 4213 1m
2495 4161 2749 4216 Sommer

397 4236 503 4285 330
530 4232 624 4287 bei
651 4232 1069 4302 Megalopolis
1052 4250 1113 4285 m
1141 4232 1425 4287 Arkadien
1453 4232 1812 4304 geschlagen.
1887 4234 1992 4290 Die
2021 4233 2364 4303 Zeitangabe
2391 4233 2490 4289 des
2521 4230 2747 4285 Curtius

396 4304 571 4355 unten
610 4308 656 4358 1.
695 4308 764 4358 21
799 4303 1007 4359 beruht
1043 4302 1144 4357 auf
1171 4303 1431 4359 Irrthum.
