3069 4749
774 153 1288 212 HISTORIARUM
1324 155 1763 211 ALEXANDRI
1799 155 1978 226 VIIII,
2016 162 2064 211 3.
2105 162 2155 212 4.

2516 155 2642 220 179

289 323 618 388 subiecere
662 321 855 385 tectis
895 341 1090 404 seque
1129 341 1204 384 ac
1250 318 1487 383 liberos
1528 318 1963 402 coniugesque
1999 318 2298 384 incendio
2339 323 2645 384 cremant.

289 411 475 488 Quod
542 431 686 474 cum
750 409 881 492 ipsi
946 411 1290 492 augerent,
1351 407 1576 472 hostes
1643 406 2130 492 extinguerent,
2197 429 2366 473 nova
2427 407 2642 473 forma
2681 421 2712 470 7

288 520 547 585 pugnae
576 501 734 562 erat.
808 497 1133 562 Delebant
1168 496 1419 561 incolae
1448 497 1693 579 urbem,
1729 495 1954 561 hostes
1983 496 2445 561 defendebant:
2483 497 2642 562 adeo

290 589 489 653 etiam
550 590 823 652 naturae
888 587 1035 650 iura
1094 585 1344 649 bellum
1397 585 1467 650 in
1524 585 1920 651 contrarium
1977 589 2209 650 mutat.
2309 585 2447 650 Arx
2503 589 2642 650 erat
2679 599 2713 648 8

290 677 514 762 oppidi
560 676 826 759 intacta,
872 675 940 738 in
989 695 1116 758 (1116
1142 673 1542 756 praesidium
1581 673 1946 757 dereliquit.
2017 673 2168 758 Ipse
2205 675 2484 758 navigiis
2522 675 2644 739 cir-

186 767 269 833 15
290 769 661 830 cumvectus
718 767 819 828 est
874 784 1107 827 arcem.
1200 762 1455 846 Quippe
1501 780 1582 826 111
1627 762 1899 826 flumina
1953 765 2097 826 tota
2141 761 2330 827 India
2383 767 2644 846 praeter

290 852 564 938 Gangen
610 853 897 917 maxima
942 851 1345 915 munimento
1396 852 1564 915 arcis
1611 850 1946 933 adplicant
1983 851 2208 915 undas.
2287 850 2351 914 A
2388 855 2642 934 septen-

288 943 499 1006 trione
543 940 739 1005 Indus
789 939 1027 1023 adluit,
1085 961 1124 1004 a
1170 939 1439 1004 meridie
1487 939 1802 1004 Acesines
1849 939 2151 1022 Hydaspi
2200 939 2639 1005 confunditur.

288 1029 592 1095 Ceterum
632 1029 919 1093 amnium
958 1031 1183 1093 coetus
1219 1029 1570 1093 maritimis
1610 1028 1858 1092 similes
1895 1028 2126 1092 fluctus
2155 1033 2377 1093 movet
2403 1029 2636 1094 multo·
2677 1043 2708 1091 9

287 1141 411 1202 (106
458 1140 533 1183 66
570 1117 830 1182 turbido
870 1117 1049 1201 limo,
1096 1117 1266 1202 quod
1306 1139 1621 1202 aquarum
1661 1138 1973 1182 concursu
2011 1117 2284 1181 subinde
2319 1117 2640 1201 turbatur,

286 1208 441 1291 iter,
496 1229 621 1290 qua
668 1209 924 1271 meatur
967 1206 1249 1291 navigiis
1260 1221 1292 1288 ,'
1322 1206 1390 1269 in
1436 1209 1698 1270 tenuem
1745 1206 2000 1270 alveum
2047 1206 2318 1289 cogitur.
2409 1205 2638 1290 Itaque
2680 1219 2746 1270 10

288 1317 432 1360 60111
480 1295 688 1359 crebri
734 1294 966 1359 fluctus
1016 1316 1085 1358 se
1131 1294 1625 1358 inveherent‘et
1668 1295 1932 1358 navium
1979 1294 2132 1358 hinc
2175 1315 2433 1377 proras,
2487 1295 2639 1359 hinc

284 1385 496 1450 latera
540 1383 898 1467 pulsarent,
944 1383 1297 1447 subducere
1342 1387 1584 1447 nautae
1632 1383 1776 1447 vela
1823 1387 2188 1467 coeperunt.
2281 1381 2404 1447 Sed
2449 1384 2637 1447 mini-

284 1472 484 1538 steria
530 1493 753 1536 eorum
808 1471 959 1536 111116
1016 1476 1223 1556 11161111,
1278 1471 1431 1536 111116
1486 1471 1874 1555 praerapida
1919 1471 2255 1536 celeritate
2299 1472 2637 1536 fluminum

283 1565 704 1646 occupantur.
791 1559 872 1624 In
928 1560 1134 1625 oculis
1181 1561 1471 1624 omnium
1520 1561 1646 1625 duo
1695 1560 1947 1625 maiora
1991 1560 2257 1645 navigia
2302 1561 2638 1626 submersa
2678 1575 2742 1623 11

286 1653 459 1714 sunt:
507 1649 769 1732 leviora,
816 1670 963 1713 cum
1011 1651 1077 1712 et
1121 1649 1266 1732 ipsa
1310 1649 1658 1734 nequirent
1701 1648 1862 1734 regi,
1906 1650 1974 1712 in
2020 1649 2230 1733 ripam
2276 1652 2495 1713 tamen
2539 1650 2632 1713 in-

280 1738 479 1803 noxia
524 1737 793 1821 expulsa
838 1740 1004 1805 sunt.
1093 1737 1245 1821 Ipse
1299 1759 1414 1802 rex
1460 1738 1531 1801 in
1576 1737 2024 1820 rapidissimos
2074 1737 2346 1802 vertices
2393 1738 2637 1817 incidit,

286 1826 521 1910 quibus
556 1826 804 1890 intorta
839 1825 1025 1890 navis
1066 1825 1332 1909 obliqua
1370 1830 1438 1890 et
1475 1826 1900 1910 gubernaculi
1935 1826 2263 1908 inpatiens
2303 1827 2636 1910 agebatur.

282 1914 423 1979 Iam
489 1917 735 1979 vestem
802 1913 1176 1979 detraxerat
1240 1915 1493 1998 corpori
1549 1915 1956 1998 proiecturus
2014 1918 2219 1979 semet
2273 1915 2344 1978 in
2396 1915 2636 1980 flumen
2678 1929 2740 1978 12

286 2003 625 2088 amicique,
670 2006 743 2068 ut
782 2003 1150 2086 exciperent
1189 2025 1354 2087 eum,
1390 2003 1568 2068 haud
1604 2003 1831 2086 procul
1869 2003 2117 2068 nabant
2155 2003 2636 2088 adparebatque

284 2113 517 2176 anceps
573 2091 937 2175 periculum
992 2097 1124 2156 tam
1180 2091 1474 2156 nataturi
1528 2114 1725 2176 quam
1779 2093 2091 2176 navigare
2144 2094 2634 2176 perseverantis.

282 2179 463 2266 Ergo
511 2181 762 2265 ingenti
800 2181 1149 2245 certamine
1188 2181 1517 2246 concitant
1553 2201 1768 2246 remos
1809 2184 2176 2265 quantaque
2210 2181 2310 2246 vis
2347 2181 2634 2247 humana
2677 2195 2742 2246 13

284 2271 479 2350 [esse]
527 2272 789 2353 poterat
835 2269 1101 2334 admota
1148 2275 1265 2352 est,
1310 2274 1385 2334 ut
1429 2269 1680 2354 fluctus,
1727 2271 1840 2354 qui
1887 2291 1954 2334 66
2001 2270 2412 2355 invehebant,
2459 2293 2633 2336 ever·
2684 2307 2688 2312 ·

280 2358 680 2423 berarentur.
780 2357 971 2424 Findi
1036 2358 1330 2425 crederes
1395 2358 1600 2425 undas
1667 2361 1732 2423 et
1795 2362 1971 2424 retro
2037 2359 2330 2444 gurgites
2395 2360 2634 2425 cedere.
2677 2374 2743 2424 14

282 2447 531 2523 Quibus
578 2448 843 2513 tandem
897 2449 1084 2513 navis
1131 2452 1356 2531 erepta
1400 2469 1536 2513 non
1579 2452 1802 2514 tamen
1844 2449 2026 2533 ripae
2083 2449 2468 2534 adplicatur,
2523 2450 2636 2515 sed

280 2537 351 2599 in
402 2537 767 2618 proximum
826 2537 1061 2601 vadum
1118 2536 1434 2602 inliditur.
1526 2534 1692 2603 Cum
1748 2538 1921 2603 amni
1969 2538 2213 2604 bellum
2259 2538 2462 2603 fuisse
2508 2560 2637 2605 cre-

357 2698 405 2746 6.
442 2708 635 2760 seque
671 2710 747 2747 ac
782 2693 1044 2747 liberos,
1110 2694 1239 2763 Vgl.
1271 2700 1318 2750 5.
1352 2700 1401 2749 6.

287 2768 381 2831 17,
434 2762 581 2817 (10611
634 2762 713 2817 ist
765 2762 894 2818 dort
946 2780 1048 2832 que
1091 2763 1251 2819 nicht
1296 2765 1403 2820 wie

281 2832 406 2887 hier
432 2834 819 2903 anknfipfend,
844 2835 1086 2889 sondern
1112 2850 1213 2903 que
1240 2852 1307 2890 ac
1334 2862 1402 2881 =

281 2902 343 2958 τὲ
382 2905 497 2958 καί.
570 2904 734 2959 Nach
768 2904 983 2960 Diodor
1018 2905 1275 2959 steckten
1310 2906 1402 2961 die

282 2974 643 3029 Macedonier
687 2974 779 3029 die
827 2974 994 3030 Stadt
1035 2975 1115 3029 im
1158 2976 1299 3030 Zorn
1342 2978 1403 3031 in

279 3044 483 3100 Brand.
506 3076 573 3085 -
592 3050 887 3101 naturae
912 3048 1097 3112 iura,
1130 3046 1243 3101 ‘die
1271 3047 1397 3102 dem

278 3116 582 3171 Menschen
609 3116 998 3187 angeborenen
1022 3118 1401 3187 Naturtriebe,

278 3186 408 3241 frei:
430 3186 522 3242 die
540 3187 1185 3245 natfirlNerhaltnisse'.
1219 3189 1402 3244 Eben-

278 3275 338 3314 so
350 3258 429 3313 im
438 3258 732 3315 weitesten
744 3260 912 3314 Sinne
923 3260 1049 3315 belli
1058 3260 1190 3315 iwra
1200 3262 1248 3315 7.
1261 3266 1307 3315 8.
1315 3267 1346 3313 2
1354 3267 1400 3315 8.

349 3336 398 3386 8.
452 3330 601 3385 Arx
654 3336 823 3397 erat,
877 3330 1061 3385 tibere.
1114 3348 1238 3385 nur
1294 3330 1401 3385 die

278 3400 473 3470 Burg.
526 3432 592 3442 —
649 3402 1081 3467 munimento,
1134 3401 1402 3456 collektiv

278 3470 386 3525 wie
413 3472 707 3526 mehrfach
734 3472 827 3527 bei
854 3472 911 3527 C.
944 3503 1009 3511 —
1041 3473 1403 3541 adplicant

280 3542 517 3597 undas.
589 3542 693 3597 Die
721 3542 1017 3613 Metapher
1054 3543 1321 3597 erlautert
1348 3549 1399 3597 4.

281 3615 332 3664 4.
372 3617 406 3665 3
445 3612 604 3667 belua
642 3614 715 3667 ad
750 3616 939 3668 molem
974 3615 1167 3683 inqens
1204 3630 1402 3682 eorpus

281 3682 568 3750 adplicuit.
610 3714 673 3723 —
716 3684 965 3752 Indue,
1012 3688 1103 3739 ein
1138 3684 1401 3753 Irrthum,

279 3752 389 3807 den
436 3754 579 3807 auch
626 3754 788 3810 Diod.
836 3755 1076 3825 begeht,
1122 3774 1227 3809 nur
1272 3756 1401 3810 dass

278 3824 462 3879 dieser
480 3824 571 3879 die
591 3823 973 3896 Vereinigung
1000 3827 1097 3881 des
1116 3824 1400 3881 Acesines-

274 3894 573 3966 Hydaspcs
610 3896 717 3949 mit
749 3896 879 3951 dem
907 3897 1075 3952 Indus
1112 3898 1271 3951 nicht
1300 3915 1401 3951 un-

275 3966 567 4022 mittelbar
611 3966 705 4021 bei
741 3967 841 4022 der
878 3970 1196 4038 genannten
1235 3968 1403 4023 stadt

277 4038 455 4093 sucht.
531 4038 695 4093 Nach
738 4037 859 4093 Arr.
907 4058 959 4095 0.
1009 4054 1059 4093 6.
1117 4039 1401 4109 ereignete

278 4108 398 4163 sich
443 4108 547 4163 das
591 4108 855 4179 folgende
892 4111 1213 4165 Abenteuer
1248 4110 1401 4164 beim

275 4177 576 4235 Einlaufen
603 4195 704 4234 aus
732 4182 862 4235 dem
882 4182 1027 4251 Hyd.
1056 4180 1117 4235 in
1136 4180 1243 4235 den
1262 4181 1401 4235 Ace-

277 4248 442 4307 sines.
528 4252 593 4305 In
640 4252 749 4305 den
786 4252 955 4307 Indus
1002 4251 1241 4321 ergiesst
1281 4251 1401 4307 sich

277 4319 377 4375 der
414 4322 575 4375 Aces.
615 4328 687 4377 40
721 4322 931 4377 Meilen
969 4322 1269 4378 sfidlicher.

1585 2699 1635 2748 9.
1701 2699 1923 2750 coetus
1973 2721 2042 2741 =
2097 2697 2300 2762 coitus,
2357 2694 2636 2821 συμῖολής

1513 2764 1671 2820 61666.
1717 2782 1824 2819 1101·
1857 2782 1968 2820 von
2003 2764 2285 2821 Personen
2320 2767 2471 2821 fiblic
2517 2810 2528 2823 .
2568 2800 2636 2809 —-

1510 2842 1769 2891 meatur
1807 2854 1848 2891 s.
1888 2842 1937 2891 3.
1979 2843 2027 2891 6.
2069 2842 2152 2890 14.

1586 2912 1668 2961 10.
1707 2908 2076 2962 subducere
2109 2908 2284 2973 vela,
2325 2907 2438 2962 ‘die
2469 2908 2636 2979 Segel

1511 2977 1800 3033 einreffen'
1841 2978 1946 3032 wie
1975 2979 2028 3033 b.
2057 2976 2218 3033 Alex.
2247 2983 2332 3034 45.
2363 2985 2413 3033 4.
2481 2978 2634 3035 Viel-

1510 3048 1688 3103 leicht
1731 3049 1952 3104 schrieb
1991 3048 2140 3103 Gurt.
2189 3063 2295 3103 nur
2338 3050 2635 3105 subducere

1507 3122 1602 3185 (sc.
1639 3124 1828 3188 naves)
1863 3146 1932 3167 ε
1969 3115 2258 3189 ἀνέλκειν,
2309 3120 2430 3176 ‘ans
2475 3120 2636 3176 Land

1507 3190 1770 3258 treiben'‚
1823 3208 1863 3246 s.
1911 3197 1942 3257 ἓ
1983 3197 2062 3245 11.
2099 3222 2170 3231 -
2215 3196 2432 3259 aestu,
2477 3192 2529 3248 d.
2576 3192 2632 3247 h.

1508 3261 1686 3316 durch
1751 3260 1841 3315 die
1896 3262 2342 3331 hochgehenden
2397 3263 2635 3334 Wogen,

1509 3332 1602 3387 die
1667 3332 1856 3387 starke
1922 3332 2242 3404 Strbmung.
2303 3366 2371 3375 —-
2441 3350 2632 3390 occu·

1500 3419 1673 3472 pare
1700 3400 2000 3473 (φθάνειν)
2037 3403 2114 3458 ist
2146 3404 2438 3461 mehrfach
2467 3404 2632 3461 ziem·

1509 3474 1626 3527 lich
1665 3498 1733 3519 ==
1771 3476 2019 3543 inpedire
2027 3516 2046 3542 ,
2081 3477 2322 3533 turbare.

1586 3550 1669 3598 11.
1735 3546 2069 3602 innoxia.
2171 3547 2356 3602 Schon
2419 3547 2634 3603 Sallust

1510 3615 1755 3669 braucht
1779 3616 1879 3670 das
1899 3618 2064 3670 Wort
2089 3616 2167 3670 im
2196 3618 2460 3687 passiven
2479 3618 2632 3689 Sinn,

1510 3686 1764 3756 116011361-
1801 3686 1892 3740 die
1929 3687 2381 3744 Nachclassiker.

1585 3762 1669 3811 12.
1725 3774 1991 3827 anceps
2027 3760 2477 3827 periculum,
2521 3777 2634 3815 von

1508 3827 1715 3882 beiden
1761 3828 1952 3884 Seiten
1998 3830 2276 3898 drohend,
2325 3830 2385 3884 in
2429 3830 2633 3885 beiden

1509 3898 1706 3953 Pallen
1743 3900 1931 3968 gleich
1967 3916 2142 3969 gross.
2207 3899 2334 3970 Vgl.
2365 3906 2518 3955 8.14.
2547 3908 2626 3957 16.

1583 3975 1666 4024 13.
1697 3969 1973 4038 poterat
2008 3986 2088 4027 sc.
2128 3972 2418 4027 admoveri.
2492 3972 2633 4027 Esse

1508 4040 1586 4095 ist
1613 4041 1763 4095 wohl
1790 4058 1858 4095 zu
1877 4041 2172 4096 streichen.
2194 4074 2259 4081 —
2289 4058 2356 4099 ev
2368 4044 2474 4099 erb
2487 4060 2629 4099 era-

1508 4116 1775 4180 rentur‚
1815 4130 1855 4166 6.
1896 4118 1945 4166 6.
1988 4118 2069 4166 11.
2108 4118 2195 4167 31.
2338 4142 2344 4148 -

1583 4188 1666 4238 14.
1705 4184 2045 4239 inliditur
2074 4208 2142 4228 =
2171 4180 2312 4253 μετὰ
2341 4185 2452 4238 τῶν
2479 4186 2629 4241 νεῶν

1503 4246 1665 4319 Ἅλέξ.
1714 4252 1796 4316 εἰς
1840 4252 1943 4322 τὴν
1981 4254 2088 4323 γῆν
2129 4250 2420 4325 ἐξέπεσεν,
2465 4256 2626 4312 Diod.

1508 4354 1579 4364 -
1607 4326 1801 4380 amni.
1855 4323 1912 4379 C.
1940 4325 2045 4380 hat
2070 4327 2251 4381 neben
2270 4344 2429 4383 amne
2445 4329 2628 4383 mehr-

2094 4413 2202 4468 12*
