3069 4749
244 1990 294 2055 6

901 135 1412 192 HISTORIARUM
1448 135 1881 192 ALEXANDRI
1916 138 2014 208 VI,
2051 145 2100 194 2.
2640 139 2677 203 7

320 301 507 386 Ergo
561 300 989 384 interrogata,
1044 319 1360 383 quaenam
1402 303 1606 383 esset,
1658 299 1906 384 neptim
1953 321 2024 366 ue
2069 299 2258 384 Ochi,
2309 301 2420 386 qui
2463 321 2670 386 nuper
2709 323 2742 372 ’τ

318 392 667 475 regnasset
710 389 780 452 in
820 387 1063 470 Persis,
1106 388 1249 454 filio
1293 389 1430 454 eius
1478 388 1772 474 genitam
1818 410 1960 454 esse
2003 390 2363 474 respondit,
2405 409 2676 456 uxorem

320 477 679 564 Hystaspis
723 477 944 542 fuisse.
1026 476 1435 566 Propinquus
1480 478 1590 542 hic
1626 477 1824 543 Darei
1867 476 2110 562 fuerat,
2155 480 2380 564 magni
2423 484 2490 545 et
2533 481 2675 566 ipse

319 567 643 634 >exereitus
708 569 989 650 praetor.
1099 565 1329 631 Adhuc
1397 567 1467 630 in
1537 567 1756 631 animo
1819 567 1995 651 regis
2067 570 2294 632 tenues
2357 568 2675 652 reliquiae
2712 590 2748 640 8

322 655 588 742 pristini
624 655 825 720 moris
862 654 1238 721 haerebant.
1311 654 1544 742 Itaque
1579 655 1909 721 fortunam
1946 654 2129 740 regia
2165 656 2370 741 stirpe
2411 658 2674 742 genitae

316 752 392 812 et
453 751 592 810 tam
648 745 899 809 celebre
954 765 1195 809 nomen
1250 746 1539 828 [neptem
1593 743 1788 824 Ochi]
1853 745 2172 810 reveritus
2236 767 2368 810 non
2431 745 2676 811 dimitti

323 836 517 902 modo
564 833 919 919 captivam,
972 831 1086 896 sed
1132 833 1332 898 etiam
1376 833 1637 899 restitui
1683 834 1742 898 ei
1787 855 1940 899 suas
1983 853 2140 917 opes
2185 834 2406 920 iussit,
2459 834 2674 900 virum

324 913 578 1009 quoque
620 921 892 1006 requiri,
937 924 1011 985 ut
1054 926 1314 1008 reperto
1348 923 1695 1006 coniugem
1739 921 2050 988 redderet.
2130 921 2403 988 Postero
2453 927 2672 988 autem
2709 945 2742 994 9

314 1013 424 1078 die
460 1011 792 1098 praecepit
818 1007 1313 1094 Hephaestioni,
1348 1015 1425 1075 ut
1452 1031 1676 1075 omnes
1703 1010 1998 1094 captivos
2033 1011 2104 1076 in
2127 1013 2381 1097 regiam
2415 1012 2672 1077 iuberet

322 1098 570 1166 adduci.
657 1099 763 1164 Ibi
818 1099 1223 1183 singulorum
1274 1099 1624 1164 nobilitate
1679 1102 1974 1184 spectata
2027 1101 2306 1166 secrevit
2359 1123 2400 1166 a
2454 1101 2671 1186 vulgo,

317 1211 598 1275 quorum
636 1189 959 1254 eminebat
1000 1209 1224 1273 genus,
1294 1187 1477 1254 Mille
1512 1189 1585 1252 hi
1629 1188 1914 1254 fuerunt:
1961 1188 2134 1254 inter
2171 1209 2333 1274 quos
2371 1193 2667 1274 repertus

318 1283 427 1344 est
482 1277 827 1360 Oxathre8‚
879 1276 1081 1342 Darei
1131 1276 1361 1361 frater,
1418 1293 1552 1342 non
1605 1277 1782 1345 illiue
1835 1277 2128 1361 fortuna,
2190 1299 2387 1362 quam
2451 1279 2670 1343 indole

320 1368 520 1432 animi
557 1367 657 1432 sui
695 1366 949 1432 clarior.
1015 1384 1189 1431 xxvl
1225 1367 1406 1432 milia
1439 1366 1763 1431 talentum
1797 1366 2094 1451 proxima
2127 1366 2368 1450 pracda
2404 1368 2685 1448 redacta,
2706 1388 2773 1437 10

317 1460 529 1521 erant:
575 1478 611 1520 e
657 1455 801 1540 quis
848 1455 1185 1520 duodecim
1221 1455 1409 1520 milia
1445 1455 1516 1519 in
1551 1455 1956 1539 congiarium
1994 1455 2281 1521 militum
2319 1455 2664 1540 absumpta

316 1549 487 1611 sunt.
583 1544 712 1610 Par
766 1543 919 1610 huic
969 1543 1281 1628 pecuniae
1336 1565 1590 1609 summa
1642 1542 1983 1610 custodum
2043 1543 2271 1608 fraude
2327 1545 2662 1610 subtracta

314 1639 445 1716 est..
502 1632 828 1718 ‚Oxydates
858 1637 998 1698 erat
1023 1633 1267 1698 nobilis
1292 1631 1521 1698 Perses
1530 1683 1550 1717 ‚
1588 1632 1701 1716 qui
1729 1655 1768 1696 a
1794 1631 2009 1698 Dareo
2039 1633 2307 1717 capitali
2336 1633 2656 1718 supplicio
2698 1655 2761 1703 11

311 1723 674 1788 destinatus
739 1721 1167 1787 cohibebatur
1228 1721 1298 1786 in
1358 1721 1666 1786 vinculis:
1729 1721 1882 1786 huic
1943 1721 2220 1786 liberato
2285 1726 2655 1806 satrapeam

310 1811 565 1876 Mediae
618 1811 949 1878 attribuit:
1006 1810 1405 1895 fratremque
1449 1809 1647 1875 Darei
1692 1809 1938 1893 recepit
1990 1811 2061 1874 in
2105 1810 2438 1876 cohortem
2495 1811 2656 1876 ami-

312 1921 532 1966 corum
578 1900 757 1966 omni
802 1903 1096 1965 vetustae
1143 1897 1461 1966 claritatis
1507 1899 1756 1964 honore
1803 1903 2080 1964 servato.

489 1987 660 2055 Hinc
697 1988 768 2054 in
797 1988 1197 2054 Parthienen
1230 1991 1614 2073 perventum
1641 1989 1766 2069 est,
1801 1990 1957 2052 tunc
1982 1987 2343 2072 ignobilem
2381 1991 2661 2073 gentem,
2701 2011 2768 2060 12

315 2099 490 2142 nunc
552 2081 747 2162 caput
802 2077 1119 2162 omnium,
1182 2077 1294 2162 qui
1356 2080 1508 2161 post
1561 2076 1944 2160 Euphraten
1999 2080 2066 2140 et
2121 2075 2376 2162 Tigrim
2435 2100 2662 2144 amnes

390 2312 437 2362 7.
476 2305 639 2360 Ochi
685 2323 727 2360 e.
774 2312 824 2360 3.
873 2310 957 2360 18.
1007 2311 1091 2360 12.
1165 2304 1269 2360 Die
1304 2303 1433 2360 Per-

313 2377 656 2434 aonlichkeit
698 2377 797 2433 des
842 2377 923 2431 im
966 2376 1289 2447 Folgenden
1339 2392 1434 2446 ge·-

1543 2305 1654 2358 den
1694 2308 1832 2359 1000
1870 2303 2231 2374 Gefangenen
2274 2305 2556 2360 befunden
2593 2323 2663 2360 zu

1540 2376 1752 2445 haben,
1789 2373 2126 2447 wenigntena
2163 2376 2321 2447 giebt
2346 2379 2469 2433 Arr.
2504 2384 2555 2435 3.
2593 2384 2664 2433 20

314 2451 563 2503 nannten
597 2449 905 2518 Hystaspes
950 2448 1089 2503 lauet
1123 2447 1244 2503 sich
1276 2448 1437 2503 nicht

314 2520 423 2575 mit
448 2519 765 2575 Sicherheit
794 2518 1132 2574 festetellen:
1168 2520 1271 2574 das
1300 2519 1430 2574 Per-

314 2591 536 2645 fektum
570 2590 743 2658 fici-sse
776 2590 981 2645 drfickt
1010 2607 1135 2659 aus,
1173 2591 1303 2645 dass
1340 2589 1432 2645 die

316 2660 605 2786 (Ἇοίαὲμο
631 2662 795 2717 ihren
812 2661 1021 2716 Gatten
1046 2661 1176 2717 todt
1199 2662 1431 2732 glaubte

380 2746 446 2787 oc
523 2751 563 2787 e.
601 2738 631 2799 5
669 2736 742 2799 8).

312 2735 341 2802 (
391 2808 441 2859 8.
495 2804 874 2859 haerebant.
965 2802 1244 2858 Aehnlich
1306 2805 1437 2873 aagt

314 2874 536 2930 Cicer-oz
617 2876 875 2930 memoria
945 2876 1029 2929 rei
1097 2876 1161 2928 in
1222 2874 1435 2943 populo

318 2946 575 3000 haerebit.

393 3022 441 3071 9.
514 3018 872 3086 eminebat,
952 3016 1230 3072 absolut
1307 3014 1433 3084 wie,

317 3103 481 3143 wenn
530 3089 676 3143 auch
720 3089 779 3143 in
816 3089 1051 3143 anderer
1084 3087 1433 3157 Bedeutung‚

316 3160 463 3214 oben
498 3165 548 3213 4.
590 3165 637 3216 1.
676 3166 761 3214 24.
834 3158 1112 3215 Aehnlich
1160 3157 1268 3213 wie
1313 3158 1436 3213 hier

308 3235 366 3285 8.
406 3236 491 3286 12.
533 3236 597 3285 13
643 3232 709 3285 in
748 3231 896 3284 Poro
938 3230 1207 3284 eminebat
1247 3235 1435 3285 aucto-

313 3304 472 3357 ritas.
492 3332 565 3342 --
587 3300 915 3356 Oxathres
941 3318 984 3355 s.
1014 3299 1157 3356 oben
1187 3307 1235 3354 3.
1271 3306 1353 3354 11.
1382 3306 1433 3355 8.

314 3372 440 3427 Den
476 3371 943 3443 epexegetischen
984 3369 1223 3427 Genetiv
1256 3371 1436 3425 animi

314 3443 409 3497 bei
442 3444 652 3499 indoles
690 3444 792 3497 hat
826 3444 970 3499 auch
1005 3442 1196 3497 Livius
1234 3444 1305 3513 (1.
1344 3447 1429 3496 23.

319 3518 387 3567 10
423 3531 477 3568 u.
516 3519 565 3569 ὃ.
601 3536 615 3581 3
652 3514 821 3569 meist
856 3515 1007 3568 steht
1039 3514 1249 3569 indoles
1285 3512 1433 3569 ohne

314 3584 510 3639 diesen
588 3586 772 3641 eisatz.
794 3614 862 3625 —-
892 3586 1164 3641 clarior.
1229 3582 1434 3639 Natur-

312 3655 1435 3798 {zssffzffsssssssstffiffifzffswssffie

315 3796 477 3852 hatte
524 3798 715 3867 folgcn
769 3799 981 3867 lassen,
1038 3798 1129 3853 die
1174 3813 1235 3852 er
1287 3804 1318 3865 ξ
1366 3803 1430 3852 11

310 3868 454 3923 iiber
486 3868 761 3924 Oxathres
796 3870 1112 3939 naohtragt.
1172 3868 1436 3924 Indeesen

315 3940 470 3993 steht
504 3940 753 3994 dieeelbe
790 3941 935 3995 auch
970 3958 1042 3995 an
1072 3940 1235 4009 jener
1261 3940 1433 3995 Stelle

310 4008 374 4062 in
399 4009 700 4080 richtigem
716 4010 1217 4081 Zusammenhang‚
1244 4010 1433 4065 indem

314 4096 425 4133 von
462 4086 493 4146 ς
525 4087 733 4135 10-12
764 4082 876 4136 alle
907 4082 1304 4152 Verfflgungen
1340 4098 1432 4135 zu-

316 4152 801 4221 sammengeetellt
841 4154 1091 4221 werden,
1136 4153 1227 4207 die
1272 4152 1431 4207 Alex.

317 4236 435 4274 vor
503 4222 763 4279 seinem
837 4224 1231 4279 Aufbruche
1300 4222 1431 4277 traf.

316 4288 595 4361 Oxydates
642 4295 865 4349 echeint
902 4295 1024 4350 sich
1068 4294 1229 4349 nicht
1270 4294 1435 4349 anter

1542 2462 1640 2515 an,
1689 2447 1927 2531 dees-er
1969 2446 2030 2503 in
2077 2448 2220 2504 Susa
2261 2448 2522 2511 inhaftirt
2565 2464 2662 2519 ge-

1540 2534 1729 2573 weeen
1764 2535 1860 2573 eei.

1615 2596 1698 2645 10.
1740 2590 1973 2644 XXVI
2000 2591 2210 2646 milia.
2265 2590 2426 2646 Nach
2451 2591 2665 2648 Diodor

1539 2676 1727 2715 waren
1776 2677 1836 2715 es
1891 2667 2087 2729 21,000
2142 2662 2396 2717 Talente.
2444 2693 2512 2703 —
2557 2678 2658 2717 re-

1541 2733 1757 2787 dacta.
1831 2731 1940 2785 Ein
1975 2738 2012 2787 t.
2051 2736 2088 2786 t.
2131 2732 2225 2788 bei
2273 2733 2382 2787 den
2415 2733 2663 2787 Romam

1541 2818 1681 2857 war:
1729 2803 1976 2870 pecunia
2027 2804 2304 2858 redacta
2355 2820 2424 2857 eoe
2474 2806 2661 2859 vendi-

1540 2875 1687 2928 tione
1713 2874 1958 2941 praedae
1993 2872 2128 2927 oder
2162 2890 2229 2927 ex
2256 2875 2440 2943 pretio
2475 2890 2660 2929 renem

1540 2945 2350 3013 venditarum—absumpta.
2381 2944 2660 3000 abewntere

1540 3030 1654 3069 rem
1678 3016 1743 3069 in
1769 3016 1984 3084 aliquid
2010 3014 2088 3070 ist
2111 3013 2527 3070 nachclaeeisch
2569 3016 2661 3069 fflr

1542 3102 1848 3141 comm-ere
1889 3102 2004 3140 rem
2043 3102 2104 3141 re
2140 3086 2274 3140 oder
2316 3087 2382 3140 in
2423 3102 2484 3141 re
2525 3086 2660 3141 oder

1545 3156 1715 3225 auch,
1751 3158 1862 3211 seit
1897 3156 2112 3223 Livius,
2147 3158 2212 3212 in
2245 3173 2374 3211 rem.

1617 3233 1699 3284 11.
1720 3227 2070 3299 Oxydates.
2101 3226 2286 3283 Ueber
2300 3228 2402 3283 das
2421 3228 2660 3284 echi-offe

1541 3299 1868 3369 Asyndeton
1913 3317 1955 3354 ει.
1992 3297 2136 3354 Einl.
2183 3305 2214 3365 ξ
2251 3305 2338 3354 49.
2375 3330 2444 3340 —-
2481 3302 2660 3355 cobi-

1542 3371 1820 3425 bebatur
1856 3370 1946 3424 fiir
1981 3371 2292 3438 tenebatur,
2325 3371 2666 3427 retinebatur

1541 3439 1619 3495 ist
1651 3441 1924 3511 poetiech.
1948 3443 2107 3497 ——in
2133 3444 2464 3498 eohortem
2499 3444 2662 3497 ami·
2753 3503 2770 3517 .

1541 3528 1800 3667 5353&
1819 3513 2663 3667 .ζῗὲ..”ε..ῗ..ἓὲὲ.ῑᾼξ’“”·

1543 3671 1726 3710 semer
1759 3655 2117 3725 ehemaligen
2160 3655 2350 3711 hohen
2385 3655 2660 3725 Stellung.

1542 3725 1617 3781 So
1653 3726 1894 3781 braucht
1927 3727 2073 3781 auch
2109 3725 2221 3781 Cic.
2260 3726 2361 3781 das
2398 3726 2577 3781 Wort.

1617 3803 1700 3852 12.
1748 3797 1817 3851 H
1818 3798 1891 3852 in
1901 3813 1944 3852 c.
2035 3798 2124 3852 Da
2177 3796 2326 3852 Ourt.
2389 3796 2664 3851 keinerlei

1541 3869 1778 3939 Angabe
1798 3869 2042 3924 darflber
2066 3868 2184 3936 hat,
2212 3884 2298 3922 wo
2319 3868 2420 3923 das
2437 3873 2468 3933 ξ
2486 3874 2658 3922 1--11

1541 3940 1802 3995 Erzahlte
1831 3940 2096 4009 geschah‚
2126 3955 2188 3994 so
2205 3938 2282 3994 ist
2301 3940 2424 3993 eine
2443 3938 2660 3994 eichere

1540 4009 1806 4079 Deutung
1849 4009 2032 4064 dieser
2076 4010 2273 4065 Worte
2317 4009 2657 4079 unmoglich.

1539 4080 1705 4135 Nach
1731 4080 1934 4134 Arrian
1965 4086 2015 4135 3.
2055 4086 2124 4134 20
2159 4079 2395 4149 erfol-gte
2432 4079 2523 4135 die
2551 4080 2659 4135 Ge-

1540 4150 1952 4221 sangennahme
1979 4150 2155 4207 vieler
2178 4152 2512 4205 vomehmer
2528 4150 2659 4205 Per·

1541 4238 1633 4277 ser
1666 4222 1782 4276 und
1817 4222 1908 4276 die
1937 4220 2158 4275 Erncnn
2313 4222 2410 4277 des
2438 4221 2655 4290 Oxyda-

1540 4294 1628 4349 tes
1647 4310 1773 4347 zum
1791 4291 2067 4363 Satrapen
2095 4310 2131 4349 v
2143 4308 2214 4347 or
2277 4308 2339 4348 er
2356 4292 2662 4364 Paesirung
