3069 4749
325 732 395 781 26
434 748 601 811 quae
665 724 947 792 dixeris?

340 1798 411 1846 30

436 119 523 183 88
1334 120 1399 185 Q.
1439 118 1666 175 GURTI
1702 118 1876 175 RUFI

429 304 505 348 eo
562 281 1085 383 portenderetur,
1148 303 1261 347 cur
1324 280 1497 366 apud
1530 282 1760 347 'alium
1827 306 2023 367 quam
2081 284 2249 369 apud
2305 306 2409 349 me
2463 286 2792 369 professus

431 371 549 438 es?
640 370 955 455 Engyms
1022 390 1260 435 arcana
1322 392 1469 435 mea
1524 376 1591 437 et
1655 375 1904 437 secreta
1966 377 2032 438 te
2095 373 2407 458 prodente
2459 374 2795 459 cognovit:

432 481 625 545 quem
684 464 961 543 certum,
1006 459 1401 542 mehercule,
1451 458 1662 525 habeo
1719 464 2018 527 extorum
2071 463 2428 545 interprete
2473 464 2571 528 uti
2615 466 2793 527 metu

320 554 391 605 25
434 571 571 617 suo.
664 548 813 612 Tibi
870 551 1089 613 autem
1144 549 1429 633 quietius
1486 570 1684 631 quam
1727 570 1857 632 par
1911 554 2014 617 est
2067 550 2406 616 denuntio:
2459 550 2588 636 ipsi
2629 552 2798 617 mihi

433 638 567 705 iam
624 637 907 718 indiceS,
961 636 1119 721 quid
1166 637 1329 702 extis
1376 638 1781 721 cognoveris,
1825 661 1908 704 ne
1953 640 2168 723 possis
2214 640 2486 704 infitiari
2535 640 2796 723 dixisse,

1058 724 1179 791 Ille
1245 727 1558 809 exanguis
1623 728 2036 813 attonitoque
2100 728 2332 793 similis
2397 730 2620 793 stabat
2677 750 2795 813 per

434 818 682 884 metum
739 815 937 881 etiam
994 834 1153 879 voce
1208 836 1562 898 suppressa
1617 815 2006 901 tandemque
2061 818 2288 883 eodem
2341 821 2520 881 metu
2575 818 2796 882 stimu-

436 906 642 979 lante,
713 925 797 967 ne
869 902 1048 986 regis⁴
1120 904 1634 987 expectationem
1707 908 2100 989 moraretur,
2175 904 2492 990 ‘Magni',
2564 906 2798 989 inquit,

438 992 731 1075 ‘laboris,
774 1013 909 1058 non
954 991 1139 1056 inriti
1186 992 1531 1057 discrimen
1564 993 1814 1057 instare
1849 993 2166 1077 praedixi:
2212 1016 2332 1059 nec
2367 1015 2472 1057 me
2510 1016 2614 1059 ars
2649 1014 2800 1059 mea

330 1087 399 1137 27
442 1102 638 1165 quam
713 1080 1154 1145 benivolentia
1215 1081 1576 1163 perturbat.

1685 1081 2143 1149 Infirmitatem
2206 1083 2583 1147 valitudinis
2644 1086 2798 1147 tuae

440 1170 629 1237 video
678 1174 771 1253 et,
827 1172 1143 1253 quantum
1196 1170 1265 1233 in
1309 1192 1441 1237 uno
1488 1173 1556 1235 te
1605 1170 1715 1253 sit,
1770 1172 1922 1236 scio.
2014 1170 2287 1254 Vereor,
2341 1193 2424 1235 ne
2470 1172 2798 1255 praesenti

338 1263 407 1313 28
446 1258 751 1325 fortunae
792 1260 997 1339 [tuae]
1038 1258 1332 1325 sufficere
1368 1280 1502 1324 non
1547 1258 1799 1343 possis?
1873 1260 2012 1325 Rex
2057 1260 2250 1325 iussit
2289 1280 2436 1326 eum
2483 1260 2803 1325 confidere

441 1347 744 1413 felicitati
792 1368 971 1413 suae:
1028 1346 1111 1411 ad
1170 1346 1298 1412 alia
1342 1348 1516 1427 aliis,
1571 1347 1700 1411 sibi
1755 1349 1836 1412 ad
1893 1349 2169 1433 gloriam
2225 1348 2572 1414 concedere
2626 1348 2800 1413 deos.

337 1441 408 1491 29
450 1434 867 1505 Consultanti
910 1435 1065 1499 inde
1104 1456 1247 1501 cum
1288 1435 1542 1520 iisdem,
1587 1456 1870 1521 quonam
1907 1438 2101 1502 modo
2149 1438 2388 1502 flumen
2433 1438 2804 1521 transirent,

446 1525 823 1609 supervenit
878 1524 1294 1608 Aristander,
1348 1546 1482 1590 non
1540 1525 1703 1590 alias
1759 1526 2034 1591 laetiora
2091 1529 2240 1590 exta
2294 1525 2532 1591 vidisse
2580 1546 2648 1590 se
2695 1525 2803 1590 ad-

442 1614 732 1697 firmanS,
770 1614 993 1697 utique
1022 1612 1349 1696 prioribus
1376 1614 1572 1697 longe
1603 1613 1885 1679 diversa:
1923 1617 2064 1679 tum
2093 1614 2545 1679 sollicitudinis
2575 1632 2804 1679 causas

446 1703 849 1787 adparuisse,
894 1723 1067 1767 nunc
1108 1723 1375 1785 prorsus
1422 1703 1684 1787 egregie
1731 1703 1998 1768 litatum
2045 1724 2205 1768 esse.

632 1790 955 1873 Ceterum,
1002 1812 1163 1875 quae
1214 1790 1487 1856 subinde
1533 1790 1840 1857 nuntiata
1887 1794 2040 1857 sunt
2073 1792 2232 1876 regi,
2279 1792 2625 1856 continuae
2662 1789 2803 1855 feli·
2825 1789 2919 1853 32

340 1886 409 1935 31
453 1880 638 1945 citati
692 1902 907 1946 rerum
966 1880 1101 1943 eius
1158 1879 1584 1963 inposuerant
1627 1880 1863 1945 labem.
1955 1880 2432 1963 Menedemum,
2485 1884 2563 1945 ut
2609 1902 2805 1963 supra

453 1968 699 2034 dictum
764 1972 893 2052 est,
955 1968 1225 2035 miserat
1288 1968 1367 2033 ad
1434 1968 1861 2035 obsidendum
1919 1967 2360 2053 Spitamenen,
2424 1968 2805 2033 Bactrianae

448 2057 831 2124 defectionis
882 2060 1230 2123 auctorem.
1324 2055 1447 2133 Qui
1494 2061 1806 2141 conperto
1849 2058 2062 2122 hostis
2109 2058 2423 2141 adventu,
2475 2079 2558 2123 ne
2603 2058 2806 2121 muris

444 2146 625 2211 urbis
680 2143 1151 2230 includeretur,
1208 2146 1403 2211 simul
1460 2147 1669 2212 fretus
1725 2147 1938 2230 excipi
1991 2168 2212 2229 posse,
2279 2168 2408 2229 qua
2461 2150 2808 2211 venturum

446 2370 895 2442 Privatperson'‚
942 2372 1061 2429 also
1108 2372 1214 2427 mit
1258 2373 1387 2428 dem
1433 2392 1576 2444 ganz

450 2442 765 2498 besondern
792 2444 1088 2512 Anspruch
1118 2443 1218 2497 auf
1241 2442 1576 2501 Discretion.

522 2519 607 2570 24.
625 2531 806 2583 quem
824 2530 871 2570 e.
886 2531 956 2570 m.
978 2516 1181 2570 habeo
1196 2513 1233 2570 f.
1249 2533 1578 2586 quamquam

448 2602 571 2640 eum
607 2601 651 2640 c.
680 2602 749 2639 m.
777 2586 959 2668 habeo:
1027 2586 1348 2668 Alexander
1374 2588 1580 2643 nimmt

448 2654 743 2796 ῗοῗιένὲῗῖῗε
772 2655 1580 2810 ξηῗῇιῃέἶὴᾶζῖιΐεῗξῖἶῖιᾯῗ

448 2799 613 2855 habe.
659 2797 789 2867 Vgl.
808 2799 930 2854 Liv.
950 2805 1034 2854 27.
1054 2805 1137 2854 44.
1166 2805 1231 2854 10
1248 2805 1395 2855 metu
1410 2801 1579 2856 inter—

442 2874 599 2940 prete
643 2885 847 2939 semper
890 2871 957 2926 in
1002 2871 1274 2926 deteriora
1308 2871 1580 2926 inclinato

450 2941 565 2996 und
622 2939 994 2996 Onosander's
1047 2942 1243 2997 Wort:
1308 2937 1338 2996 ὁ
1398 2937 1579 3016 φόβος

450 3007 674 3082 ψευδὴς
717 3009 920 3081 μάντις
968 3007 1135 3067 ἐστίν.
1218 3011 1362 3068 Dem
1408 3011 1578 3068 Sinne

450 3083 598 3139 nach
644 3083 721 3137 ist
766 3083 912 3138 auch
948 3083 1241 3141 verwandt
1274 3090 1324 3138 4.
1367 3089 1449 3139 10.
1492 3090 1576 3139 10.

524 3158 610 3208 25.
649 3155 949 3222 quietius
972 3155 1255 3220 ==lem⁶us,
1274 3155 1576 3223 placidius.

456 3223 529 3279 So
566 3223 661 3278 bei
700 3223 919 3280 Ciceros
958 3230 1085 3294 apte
1120 3230 1171 3282 et
1206 3227 1381 3294 quiete
1415 3227 1577 3294 ferre,

453 3295 911 3420 ᾳπῖίεὲςθοοέῑέέἷίιί.
975 3296 1319 3436 Ager-bghpe
1349 3297 1579 3422 {wfiili'izl

451 3383 503 3420 is
612 3382 633 3419 1
858 3383 889 3420 e
935 3383 1035 3421 ver
1076 3384 1135 3422 er
1270 3385 1313 3423 s.
1392 3409 1404 3423 .
1566 3408 1578 3420 .

450 3436 739 3506 Anhang).
794 3467 861 3476 --
914 3438 1271 3493 denuntio
1309 3463 1379 3484 ===
1419 3437 1580 3492 ‘thue

453 3507 549 3562 ich
586 3506 818 3562 hiermit
852 3526 921 3562 zu
956 3507 1183 3576 wissen,
1222 3509 1447 3564 befehle
1482 3507 1581 3564 ich

454 3577 807 3634 feierlichst'.
884 3577 958 3634 So
996 3579 1101 3636 mit
1136 3585 1200 3635 ut
1236 3587 1283 3636 1.
1316 3585 1407 3648 153
1448 3587 1496 3635 8.
1526 3585 1578 3634 3.

459 3654 524 3704 15
554 3667 609 3703 u.
638 3654 689 3702 ὃ.
712 3679 778 3688 -—-
809 3650 941 3704 iam
976 3651 1265 3720 indices,·
1299 3652 1431 3718 iam,
1458 3651 1509 3704 d.
1541 3650 1580 3704 i.

458 3721 591 3776 dum
610 3721 763 3776 adest
772 3721 1067 3792 Eriyyius,
1080 3721 1157 3776 ist
1170 3721 1583 3793 eingesohoben

456 3791 703 3861 worden,
738 3792 810 3846 da
836 3793 983 3848 ohne
1012 3793 1167 3848 diese
1202 3791 1457 3848 Partikel
1484 3791 1584 3846 der

456 3863 722 3932 folgende
768 3863 1049 3920 Finslsatz
1092 3862 1299 3918 keinen
1350 3864 1583 3918 rechten

460 3934 599 3988 Sinn
642 3935 769 4002 hat3
818 3934 911 3989 ein
954 3933 1291 4004 Ablaugnen
1335 3933 1435 3988 des
1476 3933 1582 3988 Ge·

460 4006 663 4074 sagten
679 4022 798 4060 war
814 4022 921 4059 nur
940 4005 1207 4075 megum,
1234 4021 1399 4060 wenn
1419 4004 1584 4074 jener

457 4077 622 4133 nicht
647 4076 783 4133 oder
808 4076 969 4132 nicht
993 4076 1155 4130 mehr
1180 4091 1431 4145 zugegen
1450 4092 1582 4130 war.

536 4153 622 4203 26.
650 4148 1069 4215 tandemque,
1102 4146 1239 4200 ‘und
1258 4148 1389 4216 spat
1408 4145 1579 4201 erst'

463 4217 599 4273 oder
618 4216 776 4273 ‘aber
796 4216 1186 4272 schliesslich'.
1200 4247 1266 4256 --
1286 4232 1400 4272 ars
1421 4233 1558 4271 mea
1571 4257 1584 4284 ‚

464 4287 519 4342 d.
538 4287 575 4343 i.
604 4286 695 4344 die
712 4285 989 4358 Einsichtb
1016 4287 1111 4343 die.
1136 4286 1321 4344 meins
1339 4287 1586 4342 Wissen-

1686 2372 1873 2430 sehaft
1907 2372 2017 2428 mir
2053 2391 2126 2430 an
2155 2372 2247 2428 die
2274 2371 2441 2429 Hand
2465 2372 2638 2444 giebt.
2703 2370 2809 2428 Die

1685 2445 2066 2515 Weglassung
2091 2461 2203 2500 von
2229 2449 2342 2499 tam
2367 2461 2469 2499 vor
2496 2461 2680 2514 quam,
2715 2443 2808 2498 die

1686 2516 1808 2571 sich
1850 2516 1976 2571 hier
2020 2515 2136 2570 und
2180 2516 2253 2571 da
2297 2515 2391 2570 bei
2438 2515 2652 2569 Sallust
2694 2514 2808 2568 und

1685 2586 1878 2642 Livius
1904 2586 2081 2642 findet
2106 2587 2221 2640 und
2248 2585 2401 2640 wohl
2429 2603 2530 2640 aus
2556 2586 2654 2640 der
2671 2584 2808 2640 Ver-

1685 2657 1981 2728 misehung
2031 2657 2128 2713 dett
2177 2656 2652 2713 Construktionen
2695 2671 2812 2710 mm

1685 2734 1800 2784 tam
1847 2771 1860 2784 .
1901 2771 1914 2783 .
1961 2745 2126 2798 quam
2171 2727 2288 2782 und
2339 2743 2455 2782 non
2499 2770 2514 2785 .
2554 2771 2566 2783 .
2613 2729 2706 2782 sed
2741 2745 2808 2782 zu

1687 2799 1948 2854 erklaren
1971 2801 2066 2867 ist,
2094 2800 2198 2854 hat
2217 2798 2274 2853 O.
2304 2815 2410 2853 nur
2437 2798 2583 2866 hier3
2613 2798 2808 2854 ander-

1685 2872 1854 2926 warts
1905 2871 2062 2924 steht
2117 2869 2458 2940 wenigstens
2513 2868 2613 2924 der
2667 2869 2812 2922 Text

1691 2941 1854 2996 nicht
1889 2941 2016 2997 fest.

1759 3018 1844 3066 27.
1892 3013 2249 3080 praesenti
2283 3013 2632 3079 fortunae,
2679 3010 2731 3066 d.
2768 3009 2806 3062 i.

1683 3099 1862 3152 praes.
1899 3083 2226 3137 discrimini.
2291 3082 2420 3152 Vgl.
2459 3089 2510 3138 5.
2549 3088 2599 3136 9.
2641 3086 2722 3136 11.

1761 3159 1846 3209 28.
1886 3155 2266 3220 concedere,
2307 3153 2451 3208 ‘sich
2488 3151 2810 3220 willfflhrig,

1685 3224 1918 3295 geneigt
1963 3224 2262 3279 erweisen'
2316 3219 2598 3292 (ὑπείκειν
2643 3223 2806 3290 τινί);

1684 3295 1860 3422 veeggtl.
1901 3293 2014 3351 Cic.
2050 3312 2107 3365 p.
2145 3296 2314 3350 Marc.
2346 3300 2377 3348 ’1
2407 3293 2672 3350 Fortuna
2705 3293 2814 3347 tibi

1687 3383 1716 3422 c
1781 3385 1842 3420 ο.

1757 3443 1845 3494 29.
1881 3438 2328 3503 consultanti,
2367 3435 2419 3491 d.
2449 3436 2506 3490 h.
2533 3433 2810 3489 nachdem

1687 3508 2014 3563 Aristander
2041 3507 2373 3578 abgetreten
2399 3523 2532 3561 war.
2573 3535 2640 3545 -
2677 3504 2808 3558 uti-

1687 3595 1806 3650 que
1860 3577 2213 3648 ‘jedenfalls‚
2255 3577 2658 3648 wenigstens';
2715 3575 2810 3628 da-

1689 3650 1798 3704 mit
1826 3649 1965 3704 wird
1992 3649 2352 3719 angedeutet,
2388 3649 2518 3702 dass
2545 3647 2692 3702 auch
2720 3645 2808 3698 die

1689 3720 1956 3774 frfiheren
1982 3719 2304 3774 Anzeichen
2338 3718 2500 3774 nieht
2534 3735 2678 3788 ganz
2712 3733 2809 3769 nn·-

1692 3790 1924 3862 gfinstig
1951 3805 2211 3859 gewesen
2239 3790 2408 3846 seien.
2441 3821 2508 3830 --
2546 3801 2812 3852 causas,

1693 3863 1920 3918 concret
1948 3886 2017 3906 =
2043 3861 2234 3930 siyna,
2279 3877 2418 3930 quae
2444 3863 2669 3930 possent
2701 3857 2811 3912 ini·

1691 3948 1809 3988 cere
1843 3933 2283 3988 sollicitudinem.
2347 3979 2350 3982 .

1764 4010 1850 4059 30.
1878 4005 2014 4073 inp.
2045 4004 2266 4058 labem.
2322 4003 2464 4058 Eine
2481 3999 2813 4056 livianische

1691 4075 1932 4142 Phrase3
1977 4074 2123 4130 doch
2167 4075 2410 4130 braueht
2454 4073 2600 4128 auch
2641 4069 2814 4126 echon

1693 4145 1886 4200 Cicero
1923 4147 2072 4201 labes
2109 4171 2176 4192 ε
2214 4146 2434 4200 macula
2468 4142 2720 4199 bildlich.

1767 4223 1852 4274 31.
1916 4216 2360 4272 Menedemum
2415 4233 2456 4272 s.
2507 4219 2556 4269 6.
2605 4219 2690 4269 24.
2747 4239 2812 4252 ·-

1693 4289 1920 4356 excipi
1948 4303 2155 4356 posse.
2232 4285 2494 4356 SubJ'ekt:
2529 4285 2746 4340 hastan.
