3069 4749
846 153 1356 210 HISTORIARUM
1391 153 1827 210 ALEXANDRI
1862 155 2013 223 VIII,
2050 162 2100 211 4.

290 318 537 403 passim
583 337 847 382 acervos
895 320 1232 402 struesque
1274 317 1721 382 accenderunt.
1786 313 2163 382 Continenti
2206 316 2504 382 incendio
2552 339 2648 382 ar·
2690 337 2753 384 12

2516 155 2642 220 121

292 408 443 474 dere
491 406 782 471 crederes
831 406 1076 470 saltum
1123 409 1190 470 et
1233 406 1344 470 vix
1388 406 1561 470 inter
1609 406 1907 470 flammas
1946 405 2315 491 agminibus
2352 406 2651 470 relictum

289 497 524 562 locum.
615 493 744 558 Hic
805 493 982 559 calor
1043 494 1376 578 stupentia
1437 493 1731 558 membra
1793 493 2145 558 commovit
2197 495 2649 596 paulatimque

293 585 586 668 spiritus,
622 603 814 667 quem
852 581 1265 648 continuerat
1301 581 1498 668 rigor,
1536 603 1751 646 meare
1790 581 1997 646 libere
2033 581 2263 666 coepit
2322 582 2649 667 Excepere
2674 601 2754 650 13

295 673 464 738 alios
508 675 685 737 tecta
727 671 1185 755 barbarorum,
1229 691 1396 756 quae
1441 671 1512 736 in
1558 670 1789 735 ultimo
1826 670 1999 735 saltu
2037 670 2263 736 abdita
2298 672 2652 736 necessitas

293 760 829 846 investigaverat.
887 758 1054 825 alios
1103 763 1344 842 castra,
1392 780 1559 843 quae
1606 759 1674 823 in
1719 758 1985 824 humido
2032 758 2319 842 quidem,
2364 760 2476 824 sed
2520 759 2652 824 iam

299 849 461 914 caeli
505 849 884 914 mitescente
931 849 1206 914 saevitia
1249 848 1644 912 locaverunt.
1717 845 1864 911 Duo
1907 847 2093 912 milia
2128 847 2409 912 militum
2455 850 2652 932 atque

297 938 576 1002 lixarum
643 937 1068 1021 calonumque
1132 937 1338 1020 pestis
1403 936 1520 1001 illa
1580 936 1999 1019 consumpsit.
2097 933 2446 1000 Memoriae
2507 958 2649 1020 pro·
2692 955 2759 1003 14

299 1025 506 1090 ditum
553 1029 680 1109 est,
736 1025 1052 1111 quosdam
1097 1025 1459 1109 adplicatos
1507 1024 1815 1090 arborum
1860 1024 2107 1089 truncis
2153 1027 2221 1088 et
2266 1046 2399 1088 non
2446 1025 2655 1090 solum

297 1113 697 1196 viventibus,
772 1113 884 1178 sed
949 1114 1149 1178 etiam
1220 1115 1391 1178 inter
1455 1134 1524 1177 se
1588 1112 2129 1214 conloquentibus
2203 1112 2448 1178 similes
2514 1135 2653 1178 esse

299 1207 682 1286 conspectos
739 1202 1010 1268 durante
1069 1202 1278 1267 adhuc
1335 1201 1596 1303 habitu,
1650 1201 1719 1266 in
1774 1223 1903 1286 quo
1950 1222 2125 1266 mors
2186 1223 2502 1286 quemque
2548 1201 2651 1266 de·

297 1290 746 1374 prehenderat.
808 1290 1004 1356 Forte
1031 1289 1302 1356 Macedo
1335 1290 1675 1376 gregarius
1714 1289 1903 1356 miles
1930 1310 2113 1374 aeyre
2150 1311 2340 1374 seque
2370 1295 2437 1356 et
2474 1313 2655 1356 arma
2694 1309 2761 1358 15

299 1382 701 1463 sustentans,
756 1383 978 1445 tamen
1030 1380 1101 1444 in
1144 1383 1364 1445 castra
1407 1380 1813 1463 pervenerat.
1866 1400 1994 1462 quo
2040 1379 2185 1444 viso
2230 1399 2373 1463 rex,
2432 1402 2653 1464 quam-

299 1490 494 1553 quam
541 1468 679 1552 ipse
723 1471 866 1532 tum
909 1468 1192 1533 maxime
1229 1468 1494 1534 admoto
1542 1467 1697 1553 igne
1732 1467 2071 1568 refovebat
2108 1470 2289 1532 artus
2298 1516 2316 1551 ‚
2364 1489 2442 1533 ex
2490 1469 2654 1533 sella

299 1578 418 1620 sua
481 1556 716 1620 exiluit
777 1559 1274 1640 torpentemque
1340 1556 1623 1622 militem
1686 1558 1753 1620 et
1814 1555 1923 1620 vix
1985 1559 2351 1640 compotem
2414 1558 2652 1622 mentis

299 1642 580 1733 demptis
628 1644 828 1711 armis
873 1644 946 1709 in
991 1666 1108 1711 sua
1154 1645 1304 1711 sede
1348 1645 1545 1711 iussit
1590 1645 1937 1710 considere.
2024 1643 2146 1711 Ille
2192 1644 2301 1710 diu
2346 1667 2491 1732 nec,
2536 1647 2651 1711 ubi
2690 1666 2757 1716 16

299 1737 758 1824 requiesceret,
819 1757 967 1820 nec,
1034 1758 1073 1801 a
1098 1755 1254 1821 quo
1310 1737 1484 1800 esset
1546 1737 1877 1818 exceptus,
1941 1734 2271 1820 adgnovit.
2369 1735 2656 1802 Tandem
2695 1755 2759 1804 17

299 1832 560 1914 recepto
599 1829 810 1894 calore
846 1825 1064 1911 vitali,
1100 1829 1175 1891 ut
1217 1824 1469 1910 regiam
1505 1823 1723 1890 sedem
1758 1841 2107 1909 regemque
2152 1825 2344 1909 vidit,
2388 1827 2654 1892 territus

303 1921 531 2005 surgit.
633 1919 839 1998 Quem
893 1916 1150 1986 intuens
1209 1914 1600 2004 Alexander,
1670 1913 1943 2002 ‘Ecquid
2002 1914 2365 2000 intellegiS,
2426 1914 2655 2000 miles',

301 2009 541 2094 inquit,
603 2008 874 2094 quanto
930 2010 1198 2076 meliore
1245 2013 1419 2075 sorte
1475 2030 1673 2094 quam
1718 2007 1955 2073 Persae
2011 2007 2127 2072 sub
2174 2026 2328 2092 rege
2372 2002 2655 2070 vivatis?

300 2097 447 2162 Illis
503 2098 677 2162 enim
732 2099 802 2164 in
857 2098 1019 2164 sella
1071 2099 1246 2184 regis
1301 2098 1666 2164 consedisse
1722 2091 1962 2199 capital
2020 2095 2217 2180 foret,
2278 2093 2433 2159 tibi
2460 2094 2655 2160 saluti

301 2185 470 2253 fuit?
544 2187 818 2254 Postero
864 2186 968 2252 die
1006 2187 1378 2254 convocatis
1426 2186 1652 2253 amicis
1689 2186 2147 2289 copiarumque
2192 2183 2462 2250 ducibus
2507 2206 2654 2271 pro-
2696 2200 2763 2250 18

301 2275 593 2342 nuntiari
638 2277 861 2361 iussit,
906 2277 1122 2362 ipsum
1169 2277 1413 2361 omnia,
1460 2299 1626 2363 quae
1670 2276 1913 2343 amissa
1949 2279 2194 2360 essent,
2238 2274 2657 2340 redditurum.

303 2365 393 2433 Et
445 2367 767 2452 promisso
822 2326 982 2433 fides
1041 2367 1311 2434 exstitit.
1409 2365 1585 2433 Nam
1642 2364 2045 2432 Sisimithres
2107 2364 2317 2430 multa
2369 2364 2659 2431 iumenta
2698 2382 2762 2432 19

304 2578 417 2618 von
461 2560 726 2616 Baumen.
810 2563 940 2632 Vgl.
986 2568 1219 2619 sternere
1274 2564 1428 2630 vites,

305 2633 520 2687 vineam
557 2632 650 2685 bei
687 2630 1012 2687 Columella.

341 2724 358 2739 ·
381 2707 464 2755 12.
504 2704 884 2771 stupenti&
927 2708 1143 2772 stupere
1177 2704 1456 2759 bezeich-

305 2772 929 2842 netnichtdasvollige
951 2772 1196 2840 Starr-,
1219 2774 1430 2829 Steif-

309 2862 334 2898 s
347 2843 457 2898 ein
521 2846 804 2911 (torpere),
871 2843 1111 2897 sondern
1172 2813 1277 2897 11111·
1341 2844 1432 2899 die

308 2913 649 2981 Unbeweg
658 2911 963 2967 lichkeit
1030 2914 1129 2968 der
1191 2914 1434 2985 Glieder‚

308 2930 649 3055 gleichvielg
638 2984 815 3039 durch
841 2984 1054 3039 welche
1073 2985 1322 3040 111-899119
1350 2986 1431 3041 sie

307 3052 778 3129 hervorgerufen
791 3054 1010 3123 warde,
1066 3056 1244 3111 daher
1285 3055 1433 3111 auch

311 3125 411 3180 der
447 3116 778 3195 Gegensatz
795 3127 1088 3183 commovit.
1153 3127 1283 3198 Vgl.
1319 3126 1431 3181 Cic.

309 3197 464 3251 Verr.
495 3201 546 3251 5.
575 3201 644 3250 95
683 3212 806 3251 cwm
840 3197 932 3251 hic
966 3198 1246 3253 etiamtwn
1280 3199 1432 3253 semi-

306 3283 529 3322 somnus
587 3272 857 3337 stuperet,-
917 3266 1059 3324 Plin.
1115 3287 1169 3323 11.
1232 3271 1288 3324 11.
1347 3274 1431 3323 14.

310 3344 412 3392 132
449 3339 642 3393 vinum
677 3340 754 3393 ad
786 3340 972 3409 frique
1000 3344 1180 3408 stupet
1214 3345 1433 3394 tantum

309 3410 400 3477 (ει-
450 3408 591 3463 wird
648 3408 806 3477 dick,
863 3409 1101 3479 Gegens.
1156 3412 1430 3479 yelaseit)3

309 3480 472 3535 Mart.
531 3485 580 3535 9
632 3485 715 3534 10.
763 3488 796 3535 6
851 3481 1046 3549 (fonti)
1088 3482 1284 3550 piyro,
1342 3483 1434 3536 cui

309 3554 492 3617 stupet
515 3551 672 3604 unda
705 3552 848 3607 lacu.
903 3550 1012 3605 Mis
1045 3556 1286 3634 torpesco
1312 3568 1433 3606 ver-

313 3620 540 3674 bunden
571 3620 748 3676 findet
783 3622 904 3677 sich
938 3626 1127 3692 stupeo
1163 3621 1256 3677 bei
1288 3622 1430 3676 Plin.

314 3708 370 3744 n.
418 3690 473 3745 h
529 3695 616 3744 27.
673 3697 706 3745 6
759 3698 1072 3762 torpescunt
1125 3695 1435 3763 scorpiones

311 3765 634 3829 stupentque
667 3763 948 3830 pallentes.
990 3794 1057 3805 —
1094 3781 1308 3819 meare
1348 3765 1433 3819 li-

314 3832 474 3887 bere.
530 3831 752 3887 Ebenso
781 3834 927 3888 oben
959 3840 1008 3891 3.
1040 3840 1088 3889 5.
1119 3841 1179 3904 9;
1215 3835 1434 3905 (193911-

313 3906 435 3958 sata
470 3907 589 3957 arte
622 3918 799 3958 meare
835 3878 1183 3961 ebendas.6.
1227 3912 1310 3961 14.

388 3974 894 4041 13.·11999889198,
925 3975 1434 4045 personifieirtwie

311 4044 506 4114 hauflg
550 4043 915 4100 substantiva
961 4046 1148 4103 dieser
1190 4046 1436 4116 Bildung

315 4115 633 4182 (crudelitas
679 4121 728 4169 3.
769 4120 852 4173 11.
892 4120 988 4180 223
1036 4119 1350 4201 antiquitas
1384 4124 1434 4173 7.

315 4190 364 4237 3.
403 4190 494 4251 22;
547 4188 822 4241 temeritas
859 4191 1035 4242 8.13.
1077 4194 1170 4254 153
1215 4189 1437 4243 vanitas

315 4259 364 4306 9.
403 4260 600 4323 2.17)
640 4286 707 4297 --
745 4259 820 4311 in
854 4257 1138 4312 humido.
1213 4258 1436 4314 Ebenso

318 4324 754 4382 substantivisch
789 4328 1016 4383 humido
1041 4328 1338 4396 paludum,
1373 4330 1437 4385 in

1533 2561 1777 2688 Ῑᾶωηιίᾱὼ
1837 2560 1933 2649 bei
1988 2560 2217 2616 Tacitus
2274 2560 2392 2615 und
2446 2558 2659 2614 Plinius

1615 2708 1700 2760 14.
1746 2704 2063 2770 durante,
2114 2702 2225 2773 vgl.
2279 2707 2359 2756 10.
2411 2708 2458 2757 5.
2508 2708 2539 2756 3
2598 2702 2662 2755 ia

1539 2774 1719 2830 eodem
1770 2775 1967 2829 habita
2020 2774 2264 2842 eorporis
2324 2774 2554 2827 amasse
2605 2790 2658 2825 u.

1542 2844 1635 2899 die
1662 2845 1811 2900 Note
1848 2864 1915 2899 zu
1943 2851 1993 2901 3.
2022 2852 2073 2899 4.
2105 2850 2188 2898 10.
2245 2842 2351 2897 Die
2380 2842 2662 2897 0188811191.-

1541 2916 1829 2970 brauchen
1872 2914 2037 2970 daffir
2080 2930 2325 2981 manere,
2372 2914 2473 2967 das
2519 2914 2665 2967 auch

1540 2984 1692 3042 Curt.
1730 2989 1797 3051 (z.
1835 2986 1899 3042 B.
1939 2992 1989 3041 5.
2028 2992 2077 3041 4.
2120 2988 2208 3055 14)
2245 2984 2305 3039 111
2346 3000 2489 3055 ganz
2524 2983 2663 3053 glei-

1542 3056 1705 3111 chem
1744 3056 1914 3112 Sinne
1950 3057 2286 3113 verwendet.

1615 3132 1698 3181 15.
1737 3143 1927 3197 899119
1966 3133 2025 3182 et
2072 3143 2269 3182 arma.
2346 3125 2531 3181 Ueber
2556 3143 2665 3211 ,9199

1540 3203 1591 3253 et
1627 3216 1667 3253 s.
1699 3198 1844 3255 Einl.
1874 3204 1907 3284 5
1934 3204 2003 3253 46
2032 3215 2083 3255 a.
2114 3229 2182 3239 -—
2217 3204 2351 3253 tam
2386 3198 2665 3252 maxime

1542 3294 1610 3315 ==
1656 3266 1783 3324 τότε
1830 3268 2069 3339 μάλιστα
2120 3287 2162 3326 s.
2210 3268 2465 3325 ebendas.
2518 3274 2548 3334 5
2596 3276 2662 3323 22

1540 3341 1707 3394 unter
1751 3356 1875 3395 eum
1922 3341 2289 3397 9119189919.-
2334 3340 2449 3395 vix
2503 3355 2665 3395 com·

1533 3415 1753 3481 potem
1804 3413 2070 3478 mentis,
2125 3411 2291 3466 halb
2336 3409 2665 3466 bewusst-

1540 3482 1676 3549 los,
1713 3500 1753 3537 s.
1792 3487 1842 3535 3.
1885 3486 1933 3537 5.
1972 3488 2025 3538 4.

1556 3557 1698 3692 ρ17.
1755 3552 2020 3621 ecquid,
2084 3552 2319 3621 3119911..
2386 3543 2471 3619 ἆρ’
2539 3542 2663 3619 οὖν,

1540 3613 1656 3747 1191.
1615 3622 2667 3749 αᾞιηόεέἶὴὲιῗλῧῧζὲοΐῖἷὲξοὴξῗῗη

1544 3762 1642 3817 1191·
1669 3760 1993 3835 Erzahlung
2018 3764 2310 3819 derselben
2330 3762 2666 3818 Geschichte

1542 3832 1864 3891 Valeax
1922 3840 2213 3891 5..1e.z·t
2273 3842 2321 3889 1.
2377 3835 2737 3902 uMFront,

1543 3905 1703 3959 strat.
1740 3910 1791 3959 4.
1834 3911 1882 3959 6.
1923 3912 1971 3961 3.

1619 3981 1701 4031 18.
1754 3977 2027 4030 exstitit
2077 3976 2281 4043 fides,
2334 3974 2664 4073 eigentlich·

1548 4045 1727 4101 ‘ward
1763 4045 2134 4116 Erffillung
2177 4064 2245 4100 zu
2279 4046 2487 4102 Theil’.
2561 4046 2666 4100 Die

1542 4115 1809 4172 fiblichen
1860 4116 2110 4172 Phrasen
2173 4116 2321 4171 sind.
2382 4118 2668 4185 promissis

1546 4188 1773 4256 (verbis)
1809 4188 1943 4255 fides
1979 4188 2236 4254 additum,
2284 4190 2490 4243 accedit
2524 4188 2664 4243 und.

1536 4259 1815 4327 promissa
1832 4260 2026 4324 (dieta,
2044 4258 2233 4325 verba)
2252 4258 2384 4325 fides
2402 4260 2661 4329 sequitwr.

1620 4334 1702 4384 19.
1742 4328 2193 4394 Sisimithres,
2232 4344 2274 4383 8.
2312 4334 2361 4382 2.
2401 4336 2486 4386 32.
2558 4329 2665 4384 Lo—
