3069 4749
829 128 1341 185 HISTORIARUM
1377 128 1808 185 ALEXANDRI
1847 131 1964 201 VII,
2004 137 2053 187 6.
2539 136 2624 199 81

256 300 595 365 latronum
624 298 839 364 erant:
875 292 1095 359 fundis
1126 292 1517 377 sagittisque
1551 311 1848 375 pugnam
1874 293 2208 361 invadunt.
2264 296 2442 373 Quos
2471 298 2626 365 dum
2663 320 2698 367 3

254 387 522 455 obsidet
587 406 727 468 rex,
792 383 965 447 inter
1019 380 1546 466 promptissimos
1613 380 1926 447 dimicans
1983 383 2229 468 sagitta
2283 386 2452 453 ictus
2509 391 2626 471 est,

261 496 431 561 quae
487 475 559 539 in
604 472 819 538 medio
866 492 1049 536 crure
1094 471 1227 535 fixa
1270 469 1622 553 reliquerat
1677 470 2015 554 spiculum.
2105 472 2305 539 Illum
2362 475 2626 559 quidem
2663 498 2696 545 4

259 564 501 630 maesti
560 564 627 627 et
690 559 963 627 attoniti
1016 557 1405 625 Macedones
1468 558 1538 623 in
1603 561 1822 623 castra
1874 559 2268 627 referebant:
2333 564 2446 627 sed
2507 586 2627 631 nec

263 654 585 719 barbaros
649 649 889 714 fefellit
952 647 1307 713 subductus
1374 668 1453 713 ex
1516 647 1656 711 acie
1719 648 1958 733 quippe
2023 671 2100 713 ex
2165 650 2338 717 edito
2403 658 2628 719 monte

258 744 503 807 cuncta
561 741 1049 823 prospexerant.
1152 735 1383 821 Itaque
1444 739 1707 820 postero
1773 736 1874 803 die
1936 738 2172 803 misere
2234 740 2487 825 legatos
2545 744 2626 807 ad
2666 764 2698 812 5

265 851 509 916 regem.
616 827 791 903 Quos
856 826 973 891 ille
1036 825 1336 909 protinus
1401 824 1596 889 iussit
1661 824 1921 891 admitti
1983 828 2344 911 solutisque
2407 830 2628 896 fasciis

268 916 791 1004 magnitudinem
827 914 1112 981 vulneris
1148 913 1574 979 dissimulans
1612 934 1760 977 crus
1806 915 2105 981 barbaris
2145 918 2449 984 osten-dit.
2519 920 2630 983 Illi
2667 942 2700 991 6

262 1008 434 1072 iussi
470 1005 803 1071 considere
842 1003 1214 1087 adfirmant,
1258 1024 1391 1067 non
1426 1000 1816 1067 Macedones
1859 1026 2054 1088 quam
2089 1004 2268 1089 ipsos
2304 1007 2629 1073 tristiores

267 1095 473 1161 fnisse
520 1094 785 1177 cognito
832 1093 1095 1157 vulnere
1150 1091 1358 1175 ipsius
1366 1140 1385 1175 ,
1424 1091 1624 1155 -cuius
1681 1092 1739 1155 si
1793 1096 2124 1159 auctorem
2177 1096 2631 1181 repperissent,

263 1184 603 1249 dedituros
668 1182 898 1247 fuisse:
968 1203 1114 1245 cum
1176 1180 1275 1245 dis
1342 1180 1515 1244 enim
1579 1200 1872 1264 pugnare
1937 1182 2290 1267 sacrilegos
2353 1187 2629 1251 tantum.
2669 1207 2698 1255 7

269 1270 582 1337 Ceterum
638 1292 707 1335 se
763 1274 1024 1356 gentem
1078 1269 1149 1333 in
1203 1269 1395 1333 fidem
1452 1268 1684 1333 dedere
1741 1274 2083 1354 superatos
2137 1272 2378 1337 virtute
2433 1274 2630 1340 illius.

271 1358 577 1427 Rexdide
614 1358 769 1424 data
804 1364 872 1425 et
908 1358 1189 1442 captivis
1224 1358 1507 1441 receptis
1543 1361 1806 1443 gentem
1841 1359 1910 1423 in
1949 1359 2338 1439 deditionem
2367 1364 2632 1447 accepit.

264 1446 523 1515 Castris
585 1448 735 1513 inde
798 1447 997 1513 motis
1060 1446 1295 1511 lectica
1356 1446 1630 1512 militari
1695 1446 2051 1531 ferebatur,
2117 1470 2310 1532 quam
2373 1472 2494 1535 pro
2560 1472 2630 1517 se
2669 1472 2702 1521 8

266 1538 547 1622 quisque
585 1558 779 1621 eques
818 1535 1141 1619 pedesque
1180 1535 1395 1600 subire
1433 1536 1790 1601 certabant.
1863 1532 2163 1621 EquiteS,
2211 1559 2357 1603 cum
2393 1540 2629 1623 quibus

263 1648 383 1691 rex
440 1625 693 1709 proelia
737 1625 903 1689 inire
950 1624 1183 1689 solitus
1232 1627 1399 1707 erat,
1461 1624 1562 1687 sui
1609 1625 1896 1690 muneris
1953 1625 2018 1689 id
2065 1647 2208 1691 esse
2253 1628 2630 1695 censebant:

268 1712 525 1799 pedites
572 1717 828 1796 contra,
882 1734 1027 1779 cum
1082 1712 1339 1777 saucios
1385 1712 1868 1778 commilitones
1922 1714 2050 1797 ipsi
2097 1721 2356 1799 gestare
2403 1716 2631 1783 adsue-

270 1803 549 1884 vissent,
594 1802 761 1886 eripi
796 1802 925 1867 sibi
959 1801 1295 1886 proprium
1332 1800 1622 1865 officium
1658 1804 1800 1865 tum
1844 1802 2289 1888 potissimum,
2333 1826 2480 1870 cum
2517 1826 2633 1871 rex

273 1890 627 1975 gestandus
674 1894 871 1974 esset,
928 1889 1383 1975 querebantur.
1474 1888 1616 1955 Rex
1671 1890 1739 1953 in
1794 1894 1982 1956 tanto
2027 1892 2366 1978 utriusque
2419 1896 2628 1978 partis
2669 1915 2701 1964 9

274 1979 629 2045 certamine
682 1983 751 2043 et
806 1979 934 2044 sibi
993 1978 1328 2043 difficilem
1384 1982 1450 2043 et
1503 1978 1876 2061 praeteritis
1933 2001 2196 2065 gravem
2244 1983 2630 2049 electionem

274 2068 563 2133 futuram
608 2071 791 2132 ratus
839 2066 1115 2133 invicem
1163 2067 1383 2150 subire
1428 2088 1542 2131 eos
1586 2066 1796 2133 iussit.

456 2155 629 2221 Hinc
680 2160 914 2240 quarto
970 2156 1073 2220 die
1121 2155 1202 2221 ad
1257 2156 1485 2220 urbem
1530 2154 1924 2221 Maracanda
1969 2163 2353 2241 perventum
2401 2164 2500 2224 est
2551 2196 2626 2209 —-

276 2262 423 2311 Lxx
462 2245 673 2311 stadia
710 2266 932 2311 murus
970 2244 1150 2309 urbis
1189 2245 1629 2329 amplectitur,
1678 2266 1796 2310 arx
1842 2246 1973 2310 alio
2012 2247 2297 2333 cingitur
2331 2270 2516 2315 muro
2551 2286 2628 2295 ——

277 2356 353 2400 ac
388 2332 713 2419 praesidio
752 2333 932 2398 urbis
961 2334 1187 2398 relicto
1227 2334 1560 2418 proximos
1590 2334 1767 2400 vicos
1797 2333 2226 2420 depopulatur
2258 2340 2453 2422 atque
2482 2338 2632 2404 urit.
2674 2360 2736 2408 11

453 2423 687 2508 Legati
752 2423 981 2488 deinde
1040 2422 1360 2489 Abiorum
1416 2421 1808 2507 Scytharum
1875 2426 2364 2512 superveniunt,
2425 2427 2634 2512 liberi,

276 2535 355 2580 ex
412 2535 539 2597 quo
598 2511 963 2578 decesserat
1006 2509 1245 2597 Cyrus,
1304 2516 1445 2577 tum
1500 2514 1825 2596 imperata
1877 2513 2132 2580 facturi.
2230 2514 2634 2583 Iustissimos

161 2158 255 2223 26
2673 2182 2742 2230 ιο

278 2739 489 2810 habere,
518 2756 691 2810 ayerc,
718 2756 913 2810 ycrcrc.
941 2769 1010 2780 -
1036 2739 1403 2807 invadunt,

278 2810 441 2867 nicht
495 2810 629 2866 blos-
673 2810 891 2866 damals
952 2811 1189 2866 sondern
1242 2810 1403 2865 fiber-

278 2883 485 2952 haupt,
550 2881 726 2937 daher
787 2882 888 2937 das
944 2880 1205 2937 Prasens.
1299 2880 1403 2936 Die

280 2953 530 3009 Phrasen
552 2969 825 3022 puqmm,
845 2953 1122 3023 proelium
1147 2953 1407 3008 invadere

282 3049 353 3070 -ι
380 3025 527 3079 inire
552 3024 679 3078 sind
704 3025 855 3094 poet.
890 3041 943 3078 u.
970 3023 1403 3080 nachclassisch.

356 3101 405 3150 3.
443 3095 705 3164 sayitta
738 3097 931 3152 ictus.
1004 3093 1276 3150 Dasselbe
1312 3095 1406 3149 be·

280 3165 492 3220 riehtet
518 3166 664 3222 auch
691 3165 919 3234 Arrian,
958 3165 1102 3235 dage
1144 3183 1215 3221 en
1242 3164 1405 3220 weiss

281 3253 344 3292 er
396 3235 584 3295 nichts
635 3254 748 3292 von
802 3237 902 3292 der
954 3235 1035 3290 im
1127 3236 1407 3307 olgenden

1510 2740 1808 2810 gekampft
1850 2740 2054 2797 hatte'.
2131 2741 2287 2797 Alex.
2326 2742 2534 2814 pflegte
2575 2745 2635 2799 in

1510 2811 1612 2866 der
1639 2811 1909 2866 Schlacht
1934 2813 2220 2867 entweder
2255 2813 2348 2867 bei
2385 2815 2496 2869 den
2531 2811 2634 2870 ὓπ-

1512 2883 1786 2937 ασπισταί
1825 2882 1962 2937 oder
2003 2881 2098 2938 bei
2144 2883 2251 2937 den
2291 2877 2506 2954 ἑταῖροι
2545 2883 2634 2940 ἱπ-

1512 2959 1640 3015 πεῖς
1675 2952 1866 3008 seinen
1901 2951 2062 3008 Platz
2107 2953 2524 3012 einzunehmen.
2567 2987 2632 2995 --

1512 3024 1654 3093 ipsi
1716 3024 1770 3078 d.
1834 3025 1888 3080 h.
1957 3024 2055 3080 sie
2122 3025 2256 3080 und
2319 3027 2636 3081 niemand

1514 3094 1781 3150 andere

1585 3172 1634 3221 9.
1671 3167 1900 3222 subire
1934 3166 2183 3222 namlich
2220 3167 2476 3224 lecticam.

1586 3242 1672 3292 10.
1723 3237 2182 3305 Maracanda,
2225 3239 2370 3308 jetzt
2416 3239 2638 3296 Samar-

284 3308 609 3364 erwahnten
628 3306 1067 3363 Gesandtschaft
1084 3308 1201 3362 und
1222 3307 1406 3362 ihi-em

284 3378 611 3444 seltsamen‚
666 3377 827 3434 nicht
870 3378 1033 3434 recht
1085 3379 1407 3449 glaubwfir-

284 3447 455 3518 digen
490 3449 805 3504 Austreten.

356 3524 409 3574 4.
442 3519 715 3587 fefellit.
769 3520 893 3576 Den
922 3519 1242 3576 Graoismus
1270 3521 1407 3588 fallo
1446 3549 1455 3560 ·

284 3595 339 3644 te
383 3591 472 3656 (ιε
518 3585 790 3645 λανθάνω
839 3595 921 3662 σε)
972 3609 1018 3647 c.
1059 3591 1259 3662 partic.
1307 3589 1411 3646 hat

288 3659 495 3716 bereits
530 3660 737 3716 Livius.
952 3727 957 3733 ι

360 3735 409 3786 5.
475 3733 1005 3802 maynitwdincm
1067 3735 1404 3802 vulneris,

286 3801 441 3856 kann
486 3819 594 3855 nur
637 3803 884 3859 heissen:
930 3805 1023 3860 die
1058 3803 1407 3875 Bedeutung‚

285 3871 739 3928 Gefahrlichkeit
770 3875 869 3930 der
896 3875 1119 3932 Wunde
1150 3902 1217 3924 =
1246 3893 1411 3946 quam

286 3959 457 4012 orave
491 3950 623 4000 esset
657 3945 875 4002 culmus.

358 4019 407 4070 8.
456 4016 825 4072 certabant.
911 4019 983 4074 So
1030 4036 1077 4074 c.
1124 4019 1222 4074 inf.
1268 4018 1412 4075 auch

282 4093 334 4144 9.
383 4093 433 4140 4.
482 4093 567 4142 33.
653 4087 709 4142 S.
752 4088 900 4146 Einl.
949 4095 979 4154 ξ
1026 4096 1097 4145 34
1141 4091 1197 4146 b.
1244 4111 1295 4160 γ.
1342 4119 1413 4134 ·--

286 4173 423 4214 cum
470 4160 715 4228 quibus
756 4177 877 4215 rex
916 4162 1190 4230 proclia
1234 4163 1414 4216 inire

284 4229 533 4284 solitus
588 4237 766 4298 crat,
823 4231 986 4286 Sinus
1056 4232 1156 4286 ‘in
1210 4233 1411 4288 deren

287 4297 486 4355 Mitte
514 4317 577 4355 er
601 4303 661 4356 in
690 4302 798 4358 den
816 4304 1059 4358 meisten
1073 4302 1413 4358 Schlachten

393 4399 586 4451 Vcenn,
614 4400 664 4450 Q.
694 4399 899 4443 Curtius.
954 4401 1017 4441 11.

1512 3308 1684 3379 kand,
1710 3308 1802 3363 die
1823 3309 2172 3380 Hauptstadt
2198 3327 2308 3366 von
2335 3311 2634 3382 Sogdiana.

1514 3411 1582 3420 —
1622 3381 2072 3449 amplectitur.
2147 3381 2368 3438 Ebenso
2407 3384 2636 3438 seltsam

1514 3449 1898 3520 ausgedrtickt
1943 3452 2050 3507 wie
2097 3458 2146 3508 5.
2198 3460 2240 3507 1.
2283 3459 2352 3509 26
2401 3457 2638 3510 ambitus

1514 3523 1694 3592 operis
1715 3521 1970 3578 CCCLX
1979 3523 2230 3580 Vstadia
2249 3527 2634 3594 complectitur.

1592 3599 1674 3648 11.
1713 3594 2053 3650 Abiorum.
2117 3596 2280 3650 Auch
2316 3598 2518 3652 Arrian
2553 3613 2636 3652 er-

1513 3665 1712 3718 w'ahnt
1745 3665 1805 3719 in
1840 3665 2120 3735 gleichem
2157 3667 2640 3738 Zusammenhang

1515 3735 1671 3790 diese
1719 3734 2170 3792 Gesandtschaft.
2244 3738 2350 3793 Die
2397 3739 2636 3793 homeri·

1518 3807 1691 3861 schen
1707 3801 1896 3880 Ἄβιοι,
1933 3805 2285 3864 δικαιότατοι
2313 3805 2638 3879 ἀνθρώπων

1493 3877 1606 3948 ,(ΙΙ.
1656 3883 1740 3932 13.
1779 3882 1834 3949 6)
1881 3879 2114 3948 glaubte
2158 3897 2292 3934 man
2336 3880 2638 3950 wiederge·

1516 3949 1729 4003 funden
1756 3969 1824 4004 zu
1860 3950 2046 4006 haben
2071 3951 2132 4004 in
2159 3951 2344 4006 einem
2374 3951 2639 4006 biederen

1518 4019 1636 4074 und
1661 4020 1841 4076 freien
1869 4021 2354 4091 Scythenstamme
2379 4022 2639 4078 nordlich

1519 4108 1649 4146 vom
1673 4091 1892 4150 Tanais.
1918 4121 1984 4133 -—
2015 4094 2218 4148 liberi
2247 4135 2261 4148 .
2293 4136 2304 4149 .
2336 4137 2349 4149 .
2377 4095 2642 4161 facturi

1520 4163 1726 4232 gehort
1750 4163 1971 4234 logisch
1997 4182 2066 4218 zu
2087 4165 2358 4219 Abiorum
2366 4186 2388 4231 ;
2417 4165 2507 4220 die
2527 4164 2639 4219 An-

1520 4235 1736 4304 ffigung
1771 4235 1846 4290 ist
1881 4235 2004 4290 eine
2041 4234 2196 4292 freie.
2271 4233 2532 4291 Gemeint
2568 4237 2642 4292 ist

1518 4305 1784 4376 fibrigens
1833 4306 1958 4360 hier
2013 4305 2110 4361 der
2163 4307 2479 4378 Heereszug
2541 4308 2640 4364 des

2183 4403 2214 4451 6
