3069 4749
164 614 251 678 12

871 176 1373 229 IHSTORIARUM
1407 176 1828 228 ALEXANDm
1864 174 1933 243 V,
1974 181 2022 232 3.
2482 177 2612 244 185

268 341 465 423 atque
508 337 896 402 inmunitate
943 335 1227 421 donavit,
1270 337 1495 404 urbem
1542 337 1810 422 reliquit
1851 338 2186 422 intactam,
2231 359 2424 426 agros
2471 340 2612 406 sine

265 427 515 492 tributo
580 427 791 492 colere
852 426 1167 511 permisit.
1256 427 1319 490 A
1372 427 1618 492 victore
1681 425 1896 492 Dareo
1960 427 2148 512 plura
2210 432 2420 494 mater
2477 451 2608 495 non
2637 437 2704 522 ,l

268 516 679 601 inpetrasset.

444 603 767 671 Uxiorum
802 603 951 669 dein
985 607 1245 690 gentem
1282 603 1620 669 subactam
1658 603 2082 672 Susianorum
2121 608 2420 690 satrapae
2465 627 2609 672 con·
2649 619 2715 668 16

268 693 535 759 tribuit:
608 692 958 776 divisisque
1020 714 1168 758 cum
1232 692 1657 758 Parmenione
1730 693 1934 776 copiis
2006 693 2190 759 illum
2263 696 2611 779 campestri

268 782 501 848 itinere
537 781 882 866 procedere
918 781 1117 866 iubet,
1160 781 1299 865 ipse
1334 803 1482 846 cum
1520 781 1820 866 expedito
1869 782 2126 868 agmine
2167 783 2390 868 iugum
2427 804 2611 849 mon-

269 871 437 936 tium
484 871 683 955 cepit,
743 892 1020 955 quorum
1064 872 1447 956 perpetuum
1492 870 1760 936 dorsum
1818 871 1889 936 in
1934 871 2268 936 Persidem
2313 873 2608 938 excurrit.

271 958 467 1025 Omni
501 959 628 1024 hac
663 959 928 1045 regione
957 961 1213 1025 vastata
1248 959 1444 1025 tertio
1484 957 1586 1023 die
1611 958 1960 1044 Persidem,
1998 961 2223 1044 quinto
2253 961 2608 1046 angustias,
2648 975 2713 1024 17

275 1068 435 1133 quas
482 1048 582 1112 illi
628 1045 896 1112 Susidas
940 1048 1134 1132 pylas
1182 1050 1435 1132 vocant,
1478 1047 1700 1114 intrat.
1779 1047 2251 1114 Ariobarzanes
2296 1049 2419 1115 has
2465 1071 2612 1115 cum

275 1155 420 1202 xxv
464 1137 728 1202 milibus
774 1136 1066 1221 peditum
1110 1140 1563 1221 occupaverat,
1617 1158 1836 1221 rupes·
1869 1137 2157 1204 abscisas
2212 1141 2279 1203 et
2330 1137 2611 1223 undique

270 1229 682 1310 praeruptas,
732 1225 804 1290 in
848 1247 1121 1309 quarum
1166 1225 1607 1301 cacuminibus
1663 1229 1848 1290 extra
1898 1225 2014 1290 teli
2059 1227 2304 1292 iactum
2350 1227 2612 1293 barbari

272 1314 567 1400 stabant,
623 1315 702 1379 de
751 1313 1077 1379 industria
1135 1315 1336 1399 quieti
1393 1316 1460 1378 et
1510 1315 1899 1399 paventibus
1953 1315 2222 1399 simileS,
2285 1316 2488 1382 donec
2541 1317 2614 1381 in

272 1403 634 1470 artissimas
678 1401 899 1469 fauces
944 1406 1313 1487 penetraret
1358 1423 1610 1488 agmen.
1700 1401 1884 1479 Quod
1932 1403 2046 1468 ubi
2090 1408 2466 1489 contemptu
2513 1405 2614 1470 sui
2651 1418 2717 1468 18

270 1513 539 1579 pergere
578 1491 813 1576 vident,
857 1496 1000 1557 tum
1036 1513 1189 1558 vero
1234 1492 1522 1576 ingentis
1559 1491 2024 1578 magnitudinis
2077 1513 2232 1558 saxa
2276 1515 2394 1578 per
2429 1515 2611 1560 mon·

273 1581 440 1645 tium
478 1602 689 1667 prona
718 1580 1086 1666 devolvunt,
1114 1602 1280 1665 quae
1306 1581 1568 1646 incussa
1595 1582 1849 1665 saepius
1889 1581 2374 1648 subiacentibus
2410 1583 2611 1669 petris

274 1670 515 1735 maiore
561 1670 629 1735 vi
673 1669 1049 1735 incidebant
1092 1691 1212 1737 nee
1258 1669 1549 1754 singulos
1596 1669 1816 1754 modo,
1863 1670 1976 1735 sed
2022 1671 2284 1756 agmina
2326 1675 2612 1755 protere·

270 1757 455 1824 bant.
541 1757 787 1824 Fundis
843 1779 1098 1843 quoque
1142 1759 1395 1824 excussi
1439 1759 1692 1843 lapides
1743 1762 1810 1823 et
1864 1758 2144 1844 sagittae
2189 1760 2470 1847 undique
2518 1761 2610 1825 in·
2652 1772 2718 1821 19

273 1847 684 1932 gerebantur.
773 1844 839 1912 N
841 1867 912 1912 ec
954 1848 1025 1913 id
1066 1847 1501 1912 miserrimum
1547 1847 1826 1913 fortibus
1871 1848 2028 1913 viris
2075 1852 2234 1932 erat,
2281 1848 2394 1914 sed
2442 1849 2611 1934 quod

268 1935 481 2020 inulti,
526 1935 701 2020 quod
744 1935 1033 2002 ferarum
1076 1936 1210 2001 ritu
1256 1936 1459 2003 veluti
1502 1935 1576 2000 in
1619 1935 1809 2002 fovea
1844 1936 2226 2021 deprehensi
2271 1937 2609 2015 caederen-

266 2027 393 2089 tur.
483 2024 595 2089 Ira
637 2025 841 2110 igitur
884 2025 954 2090 in
1010 2025 1262 2090 rabiem
1318 2045 1508 2090 versa
1561 2025 1910 2090 eminentia
1969 2045 2126 2091 saxa
2171 2026 2491 2110 conplexi,
2533 2030 2611 2091 ut
2644 2038 2715 2088 2ο

270 2112 351 2178 ad
394 2113 651 2179 hostem
695 2114 1122 2199 pervenirent,
1169 2113 1335 2180 alius
1373 2113 1575 2178 alium
1621 2114 1914 2179 levantes
1949 2114 2355 2181 conabantur
2391 2135 2609 2180 ascen-

268 2202 436 2267 dere.
519 2201 622 2267 Ea
665 2204 814 2286 ipsa
857 2202 1213 2268 multorum
1260 2202 1455 2268 simul
1499 2202 1801 2268 manibus
1847 2202 2163 2268 convulsa
2207 2204 2280 2269 in
2325 2225 2456 2289 eoS,
2501 2205 2611 2289 qui
2701 2223 2726 2248 ·

268 2296 759 2377 conmoverant,
802 2291 1206 2358 recidebant.
1296 2290 1437 2357 Nec
1492 2295 1668 2357 stare
1723 2311 1882 2378 ergo
1936 2294 2242 2377 poterant
2292 2313 2412 2358 nee
2465 2294 2609 2378 niti,
2645 2304 2711 2354 21

265 2401 349 2445 ne
394 2381 717 2447 testudine
762 2381 1021 2467 quidem
1064 2382 1351 2466 protegi,
1406 2400 1554 2447 cum
1599 2383 1822 2447 tantae
1867 2382 2058 2447 molis
2105 2402 2306 2448 onera
2349 2384 2607 2468 propel-

265 2468 477 2534 lerent
537 2470 819 2536 barbari.
908 2468 1155 2557 Regem
1216 2490 1353 2536 non
1417 2470 1602 2535 dolor
1664 2469 1890 2555 mod0,
1957 2470 2069 2536 sed
2131 2473 2332 2537 etiam
2395 2473 2604 2555 pudor

265 2561 507 2623 temere
551 2560 621 2623 in
664 2560 813 2623 illas
860 2559 1199 2645 angustias
1244 2558 1521 2624 coniecti
1567 2559 1884 2624 exercitus
1932 2560 2233 2645 angebat.
2313 2560 2601 2627 Invictus
2637 2572 2706 2622 22

269 2651 421 2711 ante
475 2669 617 2714 eam
672 2647 845 2712 diem
905 2648 1146 2731 fuerat,
1203 2647 1369 2713 nihil
1431 2646 1684 2712 frustra
1748 2670 1969 2713 ausus:
2032 2648 2270 2732 inpune
2336 2646 2604 2715 Ciliciae

266 2734 487 2802 fauces
546 2736 935 2820 intraverat,
998 2757 1178 2802 mare
1237 2757 1492 2821 quoque
1545 2757 1786 2801 novum
1844 2736 1916 2799 in
1970 2733 2426 2821 Pamphyliam
2480 2738 2608 2804 iter

273 3003 365 3066 1ος
404 3004 456 3053 9.
495 3005 543 3055 6.
582 3004 632 3055 6.
662 3030 729 3041 -
768 3000 913 3054 sine
948 3000 1210 3054 tributo
1238 2998 1292 3054 d.
1322 2998 1379 3055 h.
1562 3002 1646 3054 18.
1691 3003 2068 3067 contemptu
2111 2998 2248 3064 sui,
2297 2998 2400 3053 ‘in
2445 2996 2606 3053 Ver-

270 3070 416 3125 ohne
437 3068 1218 3139 eigentliohesteuemdonn
1234 3070 1381 3125 nach
1488 3070 1822 3139 achtung,
1859 3069 2036 3125 ohne
2069 3068 2381 3124 Furcht’.
2453 3054 2608 3124 Uber

269 3138 475 3196 Ari-ian
519 3141 747 3197 wurden
792 3140 874 3196 sie
925 3159 995 3196 zu
1038 3140 1381 3197 Naturallie-
1490 3141 1598 3195 den
1625 3139 1738 3195 abl.
1769 3158 1810 3195 s.
1832 3140 1893 3196 E.
1915 3145 2000 3196 98.
2023 3169 2092 3181 —
2111 3155 2338 3210 prona
2370 3140 2480 3197 wie
2510 3156 2614 3210 per

269 3208 543 3282 ferungen
576 3212 949 3281 verpflichtet.
1478 3227 1668 3282 prona
1711 3211 1911 3267 montis
1957 3216 2004 3265 7.
2045 3216 2130 3265 11.
2169 3217 2220 3265 3.
2259 3240 2329 3252 —
2374 3213 2613 3269 subia-

342 3288 425 3337 16.
500 3283 916 3351 contribuit,
974 3282 1211 3339 ‘teilte
1265 3282 1377 3337 zu'
1487 3282 1817 3338 centibus,
1857 3282 1974 3337 Das
2001 3283 2168 3338 Wort
2190 3282 2286 3352 ist,
2323 3282 2432 3338 wie
2459 3284 2606 3339 auch

269 3351 353 3409 als
390 3354 587 3408 aweite
621 3354 875 3410 Provinz.
945 3353 1117 3410 Sonst
1151 3355 1284 3425 sagt
1318 3352 1377 3409 Ο.
1478 3359 1671 3424 petra,
1728 3356 1876 3423 poet.
1923 3372 1977 3409 u.
2021 3352 2141 3410 nkl.
2187 3384 2257 3395 -
2310 3356 2612 3426 amitina,

268 3425 567 3481 attribuere
624 3426 802 3480 aliem·
852 3426 1237 3495 provinciam,
1300 3441 1382 3480 re-
1494 3424 1743 3495 ‘ganze
1780 3424 2068 3480 Rotten’
2110 3443 2152 3479 s.
2191 3430 2243 3480 4.
2281 3430 2332 3480 2.
2373 3431 2458 3481 16.

268 3496 495 3565 aionon.
517 3525 583 3535 —
614 3497 863 3552 divisis
889 3512 1028 3552 cum
1048 3498 1135 3564 P„
1156 3496 1279 3552 .E.
1294 3502 1381 3551 43.
1566 3502 1650 3550 19.
1677 3496 1751 3552 in
1775 3496 2000 3563 forma,-
2019 3494 2278 3551 dasselbe
2294 3496 2426 3552 Bild
2444 3496 2612 3552 kehrt

269 3596 337 3608 —
392 3568 752 3636 campestri
803 3568 1083 3634 ὄπωπεν-3,·
1136 3582 1385 3637 gemuer-
1491 3569 1665 3621 unten
1701 3572 1753 3620 4.
1796 3571 1862 3621 18
1899 3565 2124 3623 wieder.

267 3633 414 3692 κατὰ
450 3634 555 3707 τὴν
595 3632 873 3707 ἁμαξιτὸν
912 3636 1017 3708 τὴν
1065 3633 1125 3701 ἐς
1158 3634 1385 3708 Πέρσας
1563 3643 1651 3693 20.
1715 3653 1789 3693 ea
1833 3638 1998 3707 ipsa.
2065 3636 2233 3693 Sinn:
2283 3637 2420 3693 aber
2453 3636 2607 3695 diese

268 3706 559 3777 φέρουσαν
595 3709 691 3764 bei
723 3709 849 3765 Arr.
1490 3706 1606 3779 (die
1662 3706 1872 3777 Steine)
1927 3708 2194 3765 wankten
2250 3708 2435 3764 selber
2487 3708 2604 3764 und

343 3785 423 3835 17.
454 3780 600 3837 Sus.
626 3781 848 3850 pylas.
886 3780 1085 3836 Dieser
1099 3780 1233 3835 Pass
1250 3782 1383 3851 (von
1488 3779 1671 3835 fielen.

268 3848 391 3905 An.
438 3849 721 3921 Περσικαὶ
760 3848 937 3907 πύλαι
1025 3852 1253 3921 enannt)
1303 3850 1382 3907 ist
1559 3856 1647 3905 21.
1697 3851 1860 3917 niti,
1908 3850 2490 3920 emporklimmen.
2529 3880 2597 3891 --

268 3922 422 3977 wohl
450 3922 543 3977 die
562 3922 809 3993 Passage
827 3920 973 3977 Kala
1032 3923 1141 3978 efid
1166 3920 1379 3979 nordw.
1486 3936 1642 3977 ouer
1652 3939 1704 3977 a.
1736 3921 1899 3977 Diod.
1921 3922 2138 3991 spricht
2166 3937 2276 3977 von
2303 3918 2600 3990 ἅμαξιαῖοι

270 4007 381 4047 von
428 3991 677 4049 Schiraz.
728 4022 798 4034 —
854 3993 1386 4061 Ariobarzanes,
1493 3992 1672 4047 λύθοι.
1707 4022 1776 4033 -
1805 3993 2044 4063 pudor.
2101 3990 2229 4062 Vgl.
2262 3993 2398 4061 pud.
2433 3993 2616 4059 famae

273 4062 427 4119 Sohn
454 4064 552 4120 des
568 4063 897 4132 Artabazus,
923 4069 975 4119 4.
1005 4070 1073 4120 12
1102 4064 1188 4120 als
1214 4065 1387 4119 Heer-
1493 4062 1590 4119 bei
1628 4062 1760 4133 Cic„
1789 4062 1930 4133 pud.
1966 4064 2313 4133 paupertatis
2348 4061 2442 4118 bei
2477 4062 2612 4116 Hor.

270 4133 465 4190 fuhrer
493 4134 765 4203 erwahnt,
792 4152 911 4190 war
936 4136 1154 4192 damals
1184 4136 1388 4205 Sati-ap
1568 4140 1655 4190 22.
1712 4150 1850 4190 eam
1884 4134 2078 4200 diem,
2116 4134 2255 4189 fiber
2289 4132 2389 4188 das
2425 4132 2606 4187 Femi-

273 4205 376 4260 der
405 4205 621 4262 Volker
657 4222 751 4261 am
784 4205 1111 4277 pereischen
1136 4205 1391 4262 Meerbu-
1494 4204 1693 4261 ninum
1737 4224 1779 4261 s.
1826 4211 1878 4262 4.
1916 4209 1966 4259 3.
2006 4209 2088 4259 13.
2127 4232 2198 4244 ——
2241 4219 2422 4259 mare
2454 4220 2614 4273 quo-

276 4291 391 4331 sen.
426 4306 497 4319 --
530 4294 735 4347 rupes
767 4279 1102 4345 abscisas,
1148 4277 1390 4347 nachge-
1496 4292 1618 4347 quc
1651 4276 1731 4332 ist
1764 4273 2328 4332 selbstverstandlieh
2357 4273 2613 4346 Subjekt,

280 4348 514 4418 tragene
549 4348 892 4419 Apposition
926 4349 1034 4405 wie
1070 4354 1125 4405 2.
1164 4354 1212 4405 1.
1498 4346 1614 4418 vgl.
1667 4356 1715 4404 6.
1764 4353 1814 4402 8.
1868 4352 1959 4415 16,
2014 4362 2103 4402 wo
2158 4345 2262 4400 auf
2312 4345 2617 4402 denselben
