<?xml version="1.0" encoding="UTF-8"?>
<!DOCTYPE html PUBLIC "-//W3C//DTD XHTML 1.0 Transitional//EN"
    "http://www.w3.org/TR/xhtml1/DTD/xhtml1-transitional.dtd">
<html xmlns="http://www.w3.org/1999/xhtml" xml:lang="en" lang="en">
 <head>
  <title>
</title>
<meta http-equiv="Content-Type" content="text/html;charset=utf-8" />
  <meta name='ocr-system' content='tesseract 3.04.00' />
  <meta name='ocr-capabilities' content='ocr_page ocr_carea ocr_par ocr_line ocrx_word'/>
</head>
<body>
  <div class='ocr_page' id='page_1' title='image "./qcurtirufihisto00vogegoog_0132.png"; bbox 0 0 3069 4749; ppageno 0'>
   <div class='ocr_carea' id='block_1_1' title="bbox 308 1298 374 1347">
    <p class='ocr_par' dir='ltr' id='par_1_1' title="bbox 308 1298 374 1347">
     <span class='ocr_line' id='line_1_1' title="bbox 308 1298 374 1347; baseline 0 0"><span class='ocrx_word' id='word_1_1' title='bbox 308 1298 374 1347; x_wconf 83' lang='lat'>19</span> 
     </span>
    </p>
   </div>
   <div class='ocr_carea' id='block_1_2' title="bbox 419 146 1854 217">
    <p class='ocr_par' dir='ltr' id='par_1_2' title="bbox 419 146 1854 217">
     <span class='ocr_line' id='line_1_2' title="bbox 419 146 1854 217; baseline -0.007 -7"><span class='ocrx_word' id='word_1_2' title='bbox 419 146 549 210; x_wconf 89' lang='grc'>122</span> <span class='ocrx_word' id='word_1_3' title='bbox 1320 150 1645 217; x_wconf 38' lang='lat' dir='ltr'>Q.,oun&#39;r1</span> <span class='ocrx_word' id='word_1_4' title='bbox 1679 149 1854 201; x_wconf 74' lang='lat' dir='ltr'>num</span> 
     </span>
    </p>
   </div>
   <div class='ocr_carea' id='block_1_3' title="bbox 414 308 2759 393">
    <p class='ocr_par' dir='ltr' id='par_1_3' title="bbox 414 308 2759 393">
     <span class='ocr_line' id='line_1_3' title="bbox 414 308 2759 393; baseline 0.003 -20"><span class='ocrx_word' id='word_1_5' title='bbox 414 310 633 393; x_wconf 83' lang='lat' dir='ltr'>levari,</span> <span class='ocrx_word' id='word_1_6' title='bbox 680 308 909 373; x_wconf 88' lang='lat' dir='ltr'>deinde</span> <span class='ocrx_word' id='word_1_7' title='bbox 936 308 1203 374; x_wconf 81' lang='lat' dir='ltr'>’acriore</span> <span class='ocrx_word' id='word_1_8' title='bbox 1248 312 1447 375; x_wconf 92' lang='lat' dir='ltr'>vento</span> <span class='ocrx_word' id='word_1_9' title='bbox 1496 310 1892 376; x_wconf 86' lang='lat' dir='ltr'>concitatum</span> <span class='ocrx_word' id='word_1_10' title='bbox 1947 312 2182 377; x_wconf 85' lang='lat' dir='ltr'>fluctus</span> <span class='ocrx_word' id='word_1_11' title='bbox 2240 312 2408 377; x_wconf 82' lang='lat' dir='ltr'>ciere</span> <span class='ocrx_word' id='word_1_12' title='bbox 2463 316 2532 378; x_wconf 92' lang='lat' dir='ltr'>et</span> <span class='ocrx_word' id='word_1_13' title='bbox 2589 316 2759 379; x_wconf 85' lang='lat' dir='ltr'>inter</span> 
     </span>
    </p>
   </div>
   <div class='ocr_carea' id='block_1_4' title="bbox 416 397 2817 487">
    <p class='ocr_par' dir='ltr' id='par_1_4' title="bbox 416 397 2817 487">
     <span class='ocr_line' id='line_1_4' title="bbox 416 397 2817 487; baseline 0.002 -24"><span class='ocrx_word' id='word_1_14' title='bbox 416 419 485 463; x_wconf 89' lang='lat' dir='ltr'>se</span> <span class='ocrx_word' id='word_1_15' title='bbox 528 397 797 485; x_wconf 85' lang='lat' dir='ltr'>navigia</span> <span class='ocrx_word' id='word_1_16' title='bbox 844 397 1184 462; x_wconf 90' lang='lat' dir='ltr'>conlidere.</span> <span class='ocrx_word' id='word_1_17' title='bbox 1254 397 1521 482; x_wconf 90' lang='lat' dir='ltr'>Iamque</span> <span class='ocrx_word' id='word_1_18' title='bbox 1569 399 1775 463; x_wconf 87' lang='lat' dir='ltr'>scindi</span> <span class='ocrx_word' id='word_1_19' title='bbox 1812 404 2164 483; x_wconf 87' lang='lat' dir='ltr'>coeperunt</span> <span class='ocrx_word' id='word_1_20' title='bbox 2199 400 2477 485; x_wconf 89' lang='lat' dir='ltr'>vincula,</span> <span class='ocrx_word' id='word_1_21' title='bbox 2525 403 2758 487; x_wconf 89' lang='lat' dir='ltr'>quibus</span> <span class='ocrx_word' id='word_1_22' title='bbox 2804 424 2817 429; x_wconf 79' lang='lat'><em>·</em></span> 
     </span>
    </p>
   </div>
   <div class='ocr_carea' id='block_1_5' title="bbox 310 486 2761 750">
    <p class='ocr_par' dir='ltr' id='par_1_5' title="bbox 310 486 2761 750">
     <span class='ocr_line' id='line_1_5' title="bbox 413 486 2761 575; baseline 0.002 -24"><span class='ocrx_word' id='word_1_23' title='bbox 413 508 693 552; x_wconf 81' lang='lat' dir='ltr'>conexae</span> <span class='ocrx_word' id='word_1_24' title='bbox 741 486 1179 570; x_wconf 79' lang='lat' dir='ltr'>quadriremes</span> <span class='ocrx_word' id='word_1_25' title='bbox 1226 492 1429 572; x_wconf 84' lang='lat' dir='ltr'>erant,</span> <span class='ocrx_word' id='word_1_26' title='bbox 1474 509 1662 553; x_wconf 86' lang='lat' dir='ltr'>ruere</span> <span class='ocrx_word' id='word_1_27' title='bbox 1707 489 2002 553; x_wconf 84' lang='lat' dir='ltr'>tabulata</span> <span class='ocrx_word' id='word_1_28' title='bbox 2041 492 2107 553; x_wconf 88' lang='lat' dir='ltr'>et</span> <span class='ocrx_word' id='word_1_29' title='bbox 2142 511 2288 553; x_wconf 90' lang='lat' dir='ltr'>cum</span> <span class='ocrx_word' id='word_1_30' title='bbox 2332 490 2590 575; x_wconf 81' lang='lat' dir='ltr'>ingenti</span> <span class='ocrx_word' id='word_1_31' title='bbox 2637 492 2761 556; x_wconf 84' lang='lat' dir='ltr'>fra-</span> 
     </span>
     <span class='ocr_line' id='line_1_6' title="bbox 310 574 2760 662; baseline 0.002 -23"><span class='ocrx_word' id='word_1_32' title='bbox 310 589 377 641; x_wconf 87' lang='lat'>18</span> <span class='ocrx_word' id='word_1_33' title='bbox 416 595 573 661; x_wconf 82' lang='lat' dir='ltr'>gore</span> <span class='ocrx_word' id='word_1_34' title='bbox 618 576 690 639; x_wconf 90' lang='lat' dir='ltr'>in</span> <span class='ocrx_word' id='word_1_35' title='bbox 734 574 1130 659; x_wconf 87' lang='lat' dir='ltr'>profundum</span> <span class='ocrx_word' id='word_1_36' title='bbox 1176 597 1392 641; x_wconf 90' lang='lat' dir='ltr'>secum</span> <span class='ocrx_word' id='word_1_37' title='bbox 1438 576 1682 642; x_wconf 90' lang='lat' dir='ltr'>milites</span> <span class='ocrx_word' id='word_1_38' title='bbox 1726 576 2006 643; x_wconf 87' lang='lat' dir='ltr'>trahere.</span> <span class='ocrx_word' id='word_1_39' title='bbox 2097 576 2326 662; x_wconf 82' lang='lat' dir='ltr'>Neque</span> <span class='ocrx_word' id='word_1_40' title='bbox 2383 582 2556 645; x_wconf 91' lang='lat' dir='ltr'>enim</span> <span class='ocrx_word' id='word_1_41' title='bbox 2613 601 2760 645; x_wconf 88' lang='lat' dir='ltr'>con-</span> 
     </span>
     <span class='ocr_line' id='line_1_7' title="bbox 414 664 2758 750; baseline 0.002 -21"><span class='ocrx_word' id='word_1_42' title='bbox 414 667 589 729; x_wconf 87' lang='lat' dir='ltr'>serta</span> <span class='ocrx_word' id='word_1_43' title='bbox 646 664 911 748; x_wconf 85' lang='lat' dir='ltr'>navigia</span> <span class='ocrx_word' id='word_1_44' title='bbox 962 664 1097 728; x_wconf 86' lang='lat' dir='ltr'>ulla</span> <span class='ocrx_word' id='word_1_45' title='bbox 1152 685 1273 748; x_wconf 89' lang='lat' dir='ltr'>ope</span> <span class='ocrx_word' id='word_1_46' title='bbox 1327 666 1399 729; x_wconf 90' lang='lat' dir='ltr'>in</span> <span class='ocrx_word' id='word_1_47' title='bbox 1453 665 1717 730; x_wconf 83' lang='lat' dir='ltr'>turbido</span> <span class='ocrx_word' id='word_1_48' title='bbox 1763 667 1904 750; x_wconf 84' lang='lat' dir='ltr'>regi</span> <span class='ocrx_word' id='word_1_49' title='bbox 1957 669 2292 749; x_wconf 72' lang='lat' dir='ltr'>poterantt</span> <span class='ocrx_word' id='word_1_50' title='bbox 2335 668 2522 733; x_wconf 89' lang='lat' dir='ltr'>miles</span> <span class='ocrx_word' id='word_1_51' title='bbox 2567 669 2758 734; x_wconf 88' lang='lat' dir='ltr'>mini-</span> 
     </span>
    </p>
   </div>
   <div class='ocr_carea' id='block_1_6' title="bbox 294 753 2760 841">
    <p class='ocr_par' dir='ltr' id='par_1_6' title="bbox 294 753 2760 841">
     <span class='ocr_line' id='line_1_8' title="bbox 294 753 2760 841; baseline 0.003 -26"><span class='ocrx_word' id='word_1_52' title='bbox 294 808 300 815; x_wconf 82' lang='lat'><strong>.</strong></span> <span class='ocrx_word' id='word_1_53' title='bbox 414 753 615 819; x_wconf 85' lang='lat' dir='ltr'>steria</span> <span class='ocrx_word' id='word_1_54' title='bbox 666 756 1039 835; x_wconf 85' lang='lat' dir='ltr'>nautarum,</span> <span class='ocrx_word' id='word_1_55' title='bbox 1092 774 1311 817; x_wconf 86' lang='lat' dir='ltr'>remex</span> <span class='ocrx_word' id='word_1_56' title='bbox 1363 753 1595 819; x_wconf 86' lang='lat' dir='ltr'>militis</span> <span class='ocrx_word' id='word_1_57' title='bbox 1651 754 1868 819; x_wconf 86' lang='lat' dir='ltr'>officia</span> <span class='ocrx_word' id='word_1_58' title='bbox 1921 755 2233 820; x_wconf 86' lang='lat' dir='ltr'>turbabat</span> <span class='ocrx_word' id='word_1_59' title='bbox 2295 758 2362 820; x_wconf 89' lang='lat' dir='ltr'>et</span> <span class='ocrx_word' id='word_1_60' title='bbox 2374 806 2391 836; x_wconf 91' lang='lat'><strong><em>,</em></strong></span> <span class='ocrx_word' id='word_1_61' title='bbox 2456 758 2626 841; x_wconf 88' lang='lat' dir='ltr'>quod</span> <span class='ocrx_word' id='word_1_62' title='bbox 2691 759 2760 821; x_wconf 92' lang='lat' dir='ltr'>in</span> 
     </span>
    </p>
   </div>
   <div class='ocr_carea' id='block_1_7' title="bbox 410 841 2760 1194">
    <p class='ocr_par' dir='ltr' id='par_1_7' title="bbox 410 841 2760 1194">
     <span class='ocr_line' id='line_1_9' title="bbox 414 841 2760 930; baseline 0.001 -23"><span class='ocrx_word' id='word_1_63' title='bbox 414 842 731 907; x_wconf 89' lang='lat' dir='ltr'>eiusmodi</span> <span class='ocrx_word' id='word_1_64' title='bbox 776 862 929 906; x_wconf 87' lang='lat' dir='ltr'>casu</span> <span class='ocrx_word' id='word_1_65' title='bbox 978 841 1241 926; x_wconf 86' lang='lat' dir='ltr'>accidit,</span> <span class='ocrx_word' id='word_1_66' title='bbox 1294 842 1492 927; x_wconf 89' lang='lat' dir='ltr'>periti</span> <span class='ocrx_word' id='word_1_67' title='bbox 1538 843 1790 927; x_wconf 84' lang='lat' dir='ltr'>ignaris</span> <span class='ocrx_word' id='word_1_68' title='bbox 1835 844 2185 927; x_wconf 87' lang='lat' dir='ltr'>parebant:</span> <span class='ocrx_word' id='word_1_69' title='bbox 2243 844 2482 928; x_wconf 86' lang='lat' dir='ltr'>quippe</span> <span class='ocrx_word' id='word_1_70' title='bbox 2528 846 2760 930; x_wconf 83' lang='lat' dir='ltr'>guber-</span> 
     </span>
     <span class='ocr_line' id='line_1_10' title="bbox 410 930 2760 1019; baseline 0.003 -25"><span class='ocrx_word' id='word_1_71' title='bbox 410 934 675 995; x_wconf 90' lang='lat' dir='ltr'>natores</span> <span class='ocrx_word' id='word_1_72' title='bbox 722 930 885 993; x_wconf 87' lang='lat' dir='ltr'>alias</span> <span class='ocrx_word' id='word_1_73' title='bbox 940 930 1263 1013; x_wconf 86' lang='lat' dir='ltr'>imperare</span> <span class='ocrx_word' id='word_1_74' title='bbox 1320 931 1499 998; x_wconf 88' lang='lat' dir='ltr'>soliti</span> <span class='ocrx_word' id='word_1_75' title='bbox 1551 935 1694 995; x_wconf 87' lang='lat' dir='ltr'>tum</span> <span class='ocrx_word' id='word_1_76' title='bbox 1739 935 1916 997; x_wconf 90' lang='lat' dir='ltr'>metu</span> <span class='ocrx_word' id='word_1_77' title='bbox 1972 932 2204 998; x_wconf 88' lang='lat' dir='ltr'>mortis</span> <span class='ocrx_word' id='word_1_78' title='bbox 2261 933 2444 999; x_wconf 89' lang='lat' dir='ltr'>iussa</span> <span class='ocrx_word' id='word_1_79' title='bbox 2491 956 2760 1019; x_wconf 86' lang='lat' dir='ltr'>exeque-</span> 
     </span>
     <span class='ocr_line' id='line_1_11' title="bbox 412 1018 2759 1103; baseline 0.002 -20"><span class='ocrx_word' id='word_1_80' title='bbox 412 1020 667 1083; x_wconf 85' lang='lat' dir='ltr'>bantur.</span> <span class='ocrx_word' id='word_1_81' title='bbox 756 1018 1043 1083; x_wconf 81' lang='lat' dir='ltr'>Tandem</span> <span class='ocrx_word' id='word_1_82' title='bbox 1098 1020 1293 1086; x_wconf 88' lang='lat' dir='ltr'>remis</span> <span class='ocrx_word' id='word_1_83' title='bbox 1348 1020 1744 1103; x_wconf 75' lang='lat' dir='ltr'>pertinacius</span> <span class='ocrx_word' id='word_1_84' title='bbox 1801 1022 2250 1086; x_wconf 88' lang='lat' dir='ltr'>everberatum</span> <span class='ocrx_word' id='word_1_85' title='bbox 2313 1043 2491 1087; x_wconf 89' lang='lat' dir='ltr'>mare</span> <span class='ocrx_word' id='word_1_86' title='bbox 2556 1024 2759 1088; x_wconf 88' lang='lat' dir='ltr'>veluti</span> 
     </span>
     <span class='ocr_line' id='line_1_12' title="bbox 412 1107 2758 1194; baseline 0.002 -23"><span class='ocrx_word' id='word_1_87' title='bbox 412 1107 835 1193; x_wconf 83' lang='lat' dir='ltr'>eripientibus</span> <span class='ocrx_word' id='word_1_88' title='bbox 882 1108 1148 1191; x_wconf 88' lang='lat' dir='ltr'>navigia</span> <span class='ocrx_word' id='word_1_89' title='bbox 1194 1108 1483 1173; x_wconf 79' lang='lat' dir='ltr'>classicis</span> <span class='ocrx_word' id='word_1_90' title='bbox 1528 1110 1754 1193; x_wconf 85' lang='lat' dir='ltr'>cessit,</span> <span class='ocrx_word' id='word_1_91' title='bbox 1801 1108 2198 1194; x_wconf 76' lang='lat' dir='ltr'>adpulsaque</span> <span class='ocrx_word' id='word_1_92' title='bbox 2245 1117 2400 1176; x_wconf 85' lang='lat' dir='ltr'>sunt</span> <span class='ocrx_word' id='word_1_93' title='bbox 2443 1112 2624 1176; x_wconf 86' lang='lat' dir='ltr'>litori</span> <span class='ocrx_word' id='word_1_94' title='bbox 2665 1113 2758 1175; x_wconf 86' lang='lat' dir='ltr'>la-</span> 
     </span>
    </p>
   </div>
   <div class='ocr_carea' id='block_1_8' title="bbox 411 1196 999 1279">
    <p class='ocr_par' dir='ltr' id='par_1_8' title="bbox 411 1196 999 1279">
     <span class='ocr_line' id='line_1_13' title="bbox 411 1196 999 1279; baseline 0.003 -19"><span class='ocrx_word' id='word_1_95' title='bbox 411 1198 631 1260; x_wconf 85' lang='lat' dir='ltr'>cerata</span> <span class='ocrx_word' id='word_1_96' title='bbox 671 1196 999 1279; x_wconf 86' lang='lat' dir='ltr'>pleraque.</span> 
     </span>
    </p>
   </div>
   <div class='ocr_carea' id='block_1_9' title="bbox 586 1283 2869 1373">
    <p class='ocr_par' dir='ltr' id='par_1_9' title="bbox 586 1283 2869 1373">
     <span class='ocr_line' id='line_1_14' title="bbox 586 1283 2869 1373; baseline 0.005 -26"><span class='ocrx_word' id='word_1_97' title='bbox 586 1283 807 1349; x_wconf 87' lang='lat' dir='ltr'>Isdem</span> <span class='ocrx_word' id='word_1_98' title='bbox 850 1284 1019 1350; x_wconf 89' lang='lat' dir='ltr'>forte</span> <span class='ocrx_word' id='word_1_99' title='bbox 1067 1284 1293 1349; x_wconf 88' lang='lat' dir='ltr'>diebus</span> <span class='ocrx_word' id='word_1_100' title='bbox 1340 1284 1981 1370; x_wconf 70' lang='lat' dir='ltr'>Carthaginiensium</span> <span class='ocrx_word' id='word_1_101' title='bbox 2026 1288 2230 1373; x_wconf 87' lang='lat' dir='ltr'>legati</span> <span class='ocrx_word' id='word_1_102' title='bbox 2268 1305 2413 1351; x_wconf 83' lang='lat' dir='ltr'>xxx</span> <span class='ocrx_word' id='word_1_103' title='bbox 2458 1310 2757 1372; x_wconf 79' lang='lat' dir='ltr'>super-ve·</span> <span class='ocrx_word' id='word_1_104' title='bbox 2782 1292 2869 1359; x_wconf 88' lang='lat'>15</span> 
     </span>
    </p>
   </div>
   <div class='ocr_carea' id='block_1_10' title="bbox 309 1373 2760 1634">
    <p class='ocr_par' dir='ltr' id='par_1_10' title="bbox 309 1373 2760 1634">
     <span class='ocr_line' id='line_1_15' title="bbox 412 1373 2756 1461; baseline 0.002 -24"><span class='ocrx_word' id='word_1_105' title='bbox 412 1373 621 1455; x_wconf 86' lang='lat' dir='ltr'>niunt,</span> <span class='ocrx_word' id='word_1_106' title='bbox 666 1374 877 1457; x_wconf 88' lang='lat' dir='ltr'>magis</span> <span class='ocrx_word' id='word_1_107' title='bbox 924 1373 1209 1439; x_wconf 86' lang='lat' dir='ltr'>obsessis</span> <span class='ocrx_word' id='word_1_108' title='bbox 1256 1374 1572 1439; x_wconf 89' lang='lat' dir='ltr'>solacium</span> <span class='ocrx_word' id='word_1_109' title='bbox 1619 1396 1814 1458; x_wconf 90' lang='lat' dir='ltr'>quam</span> <span class='ocrx_word' id='word_1_110' title='bbox 1862 1374 2199 1452; x_wconf 77' lang='lat' dir='ltr'>auxilimn:</span> <span class='ocrx_word' id='word_1_111' title='bbox 2256 1376 2491 1461; x_wconf 86' lang='lat' dir='ltr'>quippe</span> <span class='ocrx_word' id='word_1_112' title='bbox 2539 1376 2756 1442; x_wconf 85' lang='lat' dir='ltr'>dome-</span> 
     </span>
     <span class='ocr_line' id='line_1_16' title="bbox 412 1461 2760 1549; baseline 0.002 -24"><span class='ocrx_word' id='word_1_113' title='bbox 412 1462 576 1527; x_wconf 88' lang='lat' dir='ltr'>stico</span> <span class='ocrx_word' id='word_1_114' title='bbox 636 1461 811 1526; x_wconf 89' lang='lat' dir='ltr'>bello</span> <span class='ocrx_word' id='word_1_115' title='bbox 868 1461 1123 1527; x_wconf 90' lang='lat' dir='ltr'>Poenos</span> <span class='ocrx_word' id='word_1_116' title='bbox 1187 1461 1465 1545; x_wconf 86' lang='lat' dir='ltr'>inpediri</span> <span class='ocrx_word' id='word_1_117' title='bbox 1521 1484 1642 1527; x_wconf 91' lang='lat' dir='ltr'>nec</span> <span class='ocrx_word' id='word_1_118' title='bbox 1702 1462 1780 1526; x_wconf 91' lang='lat' dir='ltr'>de</span> <span class='ocrx_word' id='word_1_119' title='bbox 1836 1463 2138 1549; x_wconf 88' lang='lat' dir='ltr'>imperio,</span> <span class='ocrx_word' id='word_1_120' title='bbox 2199 1465 2312 1529; x_wconf 87' lang='lat' dir='ltr'>scd</span> <span class='ocrx_word' id='word_1_121' title='bbox 2369 1486 2486 1548; x_wconf 91' lang='lat' dir='ltr'>pro</span> <span class='ocrx_word' id='word_1_122' title='bbox 2549 1466 2760 1530; x_wconf 85' lang='lat' dir='ltr'>salute</span> 
     </span>
     <span class='ocr_line' id='line_1_17' title="bbox 309 1548 2760 1634; baseline 0.002 -21"><span class='ocrx_word' id='word_1_123' title='bbox 309 1564 383 1613; x_wconf 90' lang='grc'><strong>20</strong></span> <span class='ocrx_word' id='word_1_124' title='bbox 419 1550 725 1615; x_wconf 88' lang='lat' dir='ltr'>dimicare</span> <span class='ocrx_word' id='word_1_125' title='bbox 769 1550 1177 1615; x_wconf 68' lang='lat' dir='ltr'>nuntiabant.</span> <span class='ocrx_word' id='word_1_126' title='bbox 1226 1548 1620 1634; x_wconf 82' lang='lat' dir='ltr'>Syracusani</span> <span class='ocrx_word' id='word_1_127' title='bbox 1663 1555 1805 1616; x_wconf 88' lang='lat' dir='ltr'>tum</span> <span class='ocrx_word' id='word_1_128' title='bbox 1840 1552 2137 1617; x_wconf 89' lang='lat' dir='ltr'>Africam</span> <span class='ocrx_word' id='word_1_129' title='bbox 2171 1553 2448 1618; x_wconf 88' lang='lat' dir='ltr'>urebant</span> <span class='ocrx_word' id='word_1_130' title='bbox 2483 1556 2550 1619; x_wconf 91' lang='lat' dir='ltr'>ct</span> <span class='ocrx_word' id='word_1_131' title='bbox 2580 1553 2760 1618; x_wconf 87' lang='lat' dir='ltr'>haud</span> 
     </span>
    </p>
   </div>
   <div class='ocr_carea' id='block_1_11' title="bbox 412 1636 2084 1723">
    <p class='ocr_par' dir='ltr' id='par_1_11' title="bbox 412 1636 2084 1723">
     <span class='ocr_line' id='line_1_18' title="bbox 412 1636 2084 1723; baseline 0.001 -19"><span class='ocrx_word' id='word_1_132' title='bbox 412 1638 641 1723; x_wconf 89' lang='lat' dir='ltr'>procul</span> <span class='ocrx_word' id='word_1_133' title='bbox 698 1636 1113 1723; x_wconf 83' lang='lat' dir='ltr'>Carthaginis</span> <span class='ocrx_word' id='word_1_134' title='bbox 1170 1639 1371 1704; x_wconf 90' lang='lat' dir='ltr'>muris</span> <span class='ocrx_word' id='word_1_135' title='bbox 1427 1640 1802 1705; x_wconf 82' lang='lat' dir='ltr'>locaverant</span> <span class='ocrx_word' id='word_1_136' title='bbox 1855 1645 2084 1706; x_wconf 88' lang='lat' dir='ltr'>castra.</span> 
     </span>
    </p>
   </div>
   <div class='ocr_carea' id='block_1_12' title="bbox 2173 1640 2760 1707">
    <p class='ocr_par' dir='ltr' id='par_1_12' title="bbox 2173 1640 2760 1707">
     <span class='ocr_line' id='line_1_19' title="bbox 2173 1640 2760 1707; baseline -0.003 0"><span class='ocrx_word' id='word_1_137' title='bbox 2173 1640 2327 1707; x_wconf 82' lang='lat' dir='ltr'>Non</span> <span class='ocrx_word' id='word_1_138' title='bbox 2379 1645 2598 1707; x_wconf 86' lang='lat' dir='ltr'>tamen</span> <span class='ocrx_word' id='word_1_139' title='bbox 2656 1642 2760 1706; x_wconf 90' lang='lat' dir='ltr'>de-</span> 
     </span>
    </p>
   </div>
   <div class='ocr_carea' id='block_1_13' title="bbox 302 1727 2760 2081">
    <p class='ocr_par' dir='ltr' id='par_1_13' title="bbox 302 1727 2760 2081">
     <span class='ocr_line' id='line_1_20' title="bbox 412 1727 2760 1816; baseline 0.002 -25"><span class='ocrx_word' id='word_1_140' title='bbox 412 1728 620 1792; x_wconf 88' lang='lat' dir='ltr'>fecere</span> <span class='ocrx_word' id='word_1_141' title='bbox 667 1727 900 1791; x_wconf 90' lang='lat' dir='ltr'>animis</span> <span class='ocrx_word' id='word_1_142' title='bbox 946 1727 1151 1812; x_wconf 78' lang='lat' dir='ltr'>Tyrii,</span> <span class='ocrx_word' id='word_1_143' title='bbox 1196 1750 1590 1814; x_wconf 90' lang='lat' dir='ltr'>quamquam</span> <span class='ocrx_word' id='word_1_144' title='bbox 1636 1730 1736 1795; x_wconf 86' lang='lat' dir='ltr'>ab·</span> <span class='ocrx_word' id='word_1_145' title='bbox 1765 1730 2019 1816; x_wconf 88' lang='lat' dir='ltr'>ingenti</span> <span class='ocrx_word' id='word_1_146' title='bbox 2063 1752 2178 1815; x_wconf 90' lang='lat' dir='ltr'>spe</span> <span class='ocrx_word' id='word_1_147' title='bbox 2223 1731 2521 1795; x_wconf 85' lang='lat' dir='ltr'>destituti</span> <span class='ocrx_word' id='word_1_148' title='bbox 2559 1734 2760 1814; x_wconf 85' lang='lat' dir='ltr'>crant,</span> 
     </span>
     <span class='ocr_line' id='line_1_21' title="bbox 416 1816 2760 1905; baseline 0.002 -26"><span class='ocrx_word' id='word_1_149' title='bbox 416 1816 529 1880; x_wconf 85' lang='lat' dir='ltr'>sed</span> <span class='ocrx_word' id='word_1_150' title='bbox 574 1816 885 1901; x_wconf 83' lang='lat' dir='ltr'>coniuges</span> <span class='ocrx_word' id='word_1_151' title='bbox 930 1817 1299 1901; x_wconf 88' lang='lat' dir='ltr'>liberosque</span> <span class='ocrx_word' id='word_1_152' title='bbox 1358 1818 1766 1884; x_wconf 87' lang='lat' dir='ltr'>devehendos</span> <span class='ocrx_word' id='word_1_153' title='bbox 1815 1818 2279 1905; x_wconf 81' lang='lat' dir='ltr'>Carthaginem</span> <span class='ocrx_word' id='word_1_154' title='bbox 2335 1819 2760 1903; x_wconf 86' lang='lat' dir='ltr'>tradiderunt,</span> 
     </span>
     <span class='ocr_line' id='line_1_22' title="bbox 302 1904 2760 1991; baseline 0.002 -24"><span class='ocrx_word' id='word_1_155' title='bbox 302 1918 373 1967; x_wconf 90' lang='grc'>21</span> <span class='ocrx_word' id='word_1_156' title='bbox 410 1904 645 1969; x_wconf 84' lang='lat' dir='ltr'>fortius</span> <span class='ocrx_word' id='word_1_157' title='bbox 653 1955 670 1987; x_wconf 91' lang='lat'><strong><em>,</em></strong></span> <span class='ocrx_word' id='word_1_158' title='bbox 726 1904 1036 1990; x_wconf 88' lang='lat' dir='ltr'>quidquid</span> <span class='ocrx_word' id='word_1_159' title='bbox 1092 1907 1411 1972; x_wconf 87' lang='lat' dir='ltr'>accideret</span> <span class='ocrx_word' id='word_1_160' title='bbox 1417 1940 1437 1991; x_wconf 88' lang='grc'>,·</span> <span class='ocrx_word' id='word_1_161' title='bbox 1492 1907 1719 1991; x_wconf 86' lang='lat' dir='ltr'>laturi,</span> <span class='ocrx_word' id='word_1_162' title='bbox 1773 1908 1830 1973; x_wconf 88' lang='lat' dir='ltr'>si</span> <span class='ocrx_word' id='word_1_163' title='bbox 1885 1910 2290 1975; x_wconf 88' lang='lat' dir='ltr'>carissimam</span> <span class='ocrx_word' id='word_1_164' title='bbox 2351 1909 2450 1973; x_wconf 91' lang='lat' dir='ltr'>sui</span> <span class='ocrx_word' id='word_1_165' title='bbox 2504 1912 2760 1991; x_wconf 79' lang='lat' dir='ltr'>partem</span> 
     </span>
     <span class='ocr_line' id='line_1_23' title="bbox 412 1994 2760 2081; baseline 0.002 -24"><span class='ocrx_word' id='word_1_166' title='bbox 412 1997 597 2059; x_wconf 84' lang='lat' dir='ltr'>extra</span> <span class='ocrx_word' id='word_1_167' title='bbox 642 1998 883 2059; x_wconf 89' lang='lat' dir='ltr'>sortem</span> <span class='ocrx_word' id='word_1_168' title='bbox 943 1994 1211 2077; x_wconf 86' lang='lat' dir='ltr'>periculi</span> <span class='ocrx_word' id='word_1_169' title='bbox 1265 1998 1625 2061; x_wconf 88' lang='lat' dir='ltr'>communis</span> <span class='ocrx_word' id='word_1_170' title='bbox 1680 1996 2080 2062; x_wconf 84' lang='lat' dir='ltr'>habuissent.</span> <span class='ocrx_word' id='word_1_171' title='bbox 2172 1996 2466 2081; x_wconf 87' lang='lat' dir='ltr'>Cumque</span> <span class='ocrx_word' id='word_1_172' title='bbox 2509 2018 2678 2061; x_wconf 91' lang='lat' dir='ltr'>unus</span> <span class='ocrx_word' id='word_1_173' title='bbox 2725 2019 2760 2061; x_wconf 92' lang='lat' dir='ltr'>e</span> 
     </span>
    </p>
   </div>
   <div class='ocr_carea' id='block_1_14' title="bbox 411 2084 853 2147">
    <p class='ocr_par' dir='ltr' id='par_1_14' title="bbox 411 2084 853 2147">
     <span class='ocr_line' id='line_1_24' title="bbox 411 2084 853 2147; baseline 0 0"><span class='ocrx_word' id='word_1_174' title='bbox 411 2084 659 2147; x_wconf 86' lang='lat' dir='ltr'>civibus</span> <span class='ocrx_word' id='word_1_175' title='bbox 704 2084 774 2147; x_wconf 85' lang='lat' dir='ltr'>in</span> <span class='ocrx_word' id='word_1_176' title='bbox 820 2104 853 2147; x_wconf 92' lang='lat' dir='ltr'>c</span> 
     </span>
    </p>
   </div>
   <div class='ocr_carea' id='block_1_15' title="bbox 942 2082 2760 2167">
    <p class='ocr_par' dir='ltr' id='par_1_15' title="bbox 942 2082 2760 2167">
     <span class='ocr_line' id='line_1_25' title="bbox 942 2082 2760 2167; baseline 0.002 -21"><span class='ocrx_word' id='word_1_177' title='bbox 942 2084 1123 2147; x_wconf 89' lang='lat' dir='ltr'>tione</span> <span class='ocrx_word' id='word_1_178' title='bbox 1168 2082 1545 2165; x_wconf 85' lang='lat' dir='ltr'>indicasset,</span> <span class='ocrx_word' id='word_1_179' title='bbox 1604 2084 1894 2148; x_wconf 83' lang='lat' dir='ltr'>oblatam</span> <span class='ocrx_word' id='word_1_180' title='bbox 1939 2106 2078 2149; x_wconf 88' lang='lat' dir='ltr'>esse</span> <span class='ocrx_word' id='word_1_181' title='bbox 2124 2107 2242 2167; x_wconf 90' lang='lat' dir='ltr'>per</span> <span class='ocrx_word' id='word_1_182' title='bbox 2285 2105 2586 2149; x_wconf 89' lang='lat' dir='ltr'>somnum</span> <span class='ocrx_word' id='word_1_183' title='bbox 2635 2085 2760 2150; x_wconf 90' lang='lat' dir='ltr'>sibi</span> 
     </span>
    </p>
   </div>
   <div class='ocr_carea' id='block_1_16' title="bbox 306 2170 2762 2792">
    <p class='ocr_par' dir='ltr' id='par_1_16' title="bbox 306 2170 2762 2792">
     <span class='ocr_line' id='line_1_26' title="bbox 413 2170 2762 2255; baseline 0.001 -20"><span class='ocrx_word' id='word_1_184' title='bbox 413 2171 690 2254; x_wconf 89' lang='lat' dir='ltr'>speciem</span> <span class='ocrx_word' id='word_1_185' title='bbox 737 2171 883 2253; x_wconf 90' lang='lat' dir='ltr'>Apo</span> <span class='ocrx_word' id='word_1_186' title='bbox 912 2170 1092 2254; x_wconf 77' lang='lat' dir='ltr'>linis,</span> <span class='ocrx_word' id='word_1_187' title='bbox 1139 2192 1331 2254; x_wconf 90' lang='lat' dir='ltr'>quem</span> <span class='ocrx_word' id='word_1_188' title='bbox 1377 2172 1614 2235; x_wconf 88' lang='lat' dir='ltr'>eximia</span> <span class='ocrx_word' id='word_1_189' title='bbox 1658 2172 1974 2255; x_wconf 83' lang='lat' dir='ltr'>religione</span> <span class='ocrx_word' id='word_1_190' title='bbox 2021 2172 2335 2251; x_wconf 88' lang='lat' dir='ltr'>colerent,</span> <span class='ocrx_word' id='word_1_191' title='bbox 2381 2172 2608 2236; x_wconf 93' lang='lat' dir='ltr'>urbem</span> <span class='ocrx_word' id='word_1_192' title='bbox 2655 2174 2762 2238; x_wconf 89' lang='lat' dir='ltr'>de-</span> 
     </span>
     <span class='ocr_line' id='line_1_27' title="bbox 414 2257 2759 2343; baseline 0.001 -20"><span class='ocrx_word' id='word_1_193' title='bbox 414 2259 708 2341; x_wconf 73' lang='lat' dir='ltr'>serentia,</span> <span class='ocrx_word' id='word_1_194' title='bbox 746 2258 1113 2343; x_wconf 80' lang='lat' dir='ltr'>molemque</span> <span class='ocrx_word' id='word_1_195' title='bbox 1151 2280 1190 2321; x_wconf 90' lang='lat' dir='ltr'>a</span> <span class='ocrx_word' id='word_1_196' title='bbox 1224 2257 1689 2326; x_wconf 88' lang='lat' dir='ltr'>Macedonibus</span> <span class='ocrx_word' id='word_1_197' title='bbox 1725 2260 1794 2323; x_wconf 92' lang='lat' dir='ltr'>in</span> <span class='ocrx_word' id='word_1_198' title='bbox 1833 2260 1972 2324; x_wconf 90' lang='lat' dir='ltr'>salo</span> <span class='ocrx_word' id='word_1_199' title='bbox 2009 2262 2250 2324; x_wconf 85' lang='lat' dir='ltr'>iactam</span> <span class='ocrx_word' id='word_1_200' title='bbox 2285 2260 2356 2324; x_wconf 91' lang='lat' dir='ltr'>in</span> <span class='ocrx_word' id='word_1_201' title='bbox 2395 2260 2759 2326; x_wconf 85' lang='lat' dir='ltr'>silvestrem</span> 
     </span>
     <span class='ocr_line' id='line_1_28' title="bbox 306 2347 2758 2434; baseline 0.002 -24"><span class='ocrx_word' id='word_1_202' title='bbox 306 2360 375 2410; x_wconf 87' lang='grc'><strong>22</strong></span> <span class='ocrx_word' id='word_1_203' title='bbox 414 2347 657 2412; x_wconf 85' lang='lat' dir='ltr'>saltum</span> <span class='ocrx_word' id='word_1_204' title='bbox 704 2366 843 2411; x_wconf 90' lang='lat' dir='ltr'>esse</span> <span class='ocrx_word' id='word_1_205' title='bbox 888 2349 1237 2412; x_wconf 88' lang='lat' dir='ltr'>mutatam:</span> <span class='ocrx_word' id='word_1_206' title='bbox 1288 2368 1681 2431; x_wconf 86' lang='lat' dir='ltr'>quamquam</span> <span class='ocrx_word' id='word_1_207' title='bbox 1725 2351 1952 2413; x_wconf 87' lang='lat' dir='ltr'>auctor</span> <span class='ocrx_word' id='word_1_208' title='bbox 1993 2349 2156 2414; x_wconf 89' lang='lat' dir='ltr'>levis</span> <span class='ocrx_word' id='word_1_209' title='bbox 2203 2354 2364 2434; x_wconf 87' lang='lat' dir='ltr'>erat,</span> <span class='ocrx_word' id='word_1_210' title='bbox 2399 2353 2628 2430; x_wconf 84' lang='lat' dir='ltr'>tamen</span> <span class='ocrx_word' id='word_1_211' title='bbox 2676 2350 2758 2415; x_wconf 91' lang='lat' dir='ltr'>ad</span> 
     </span>
     <span class='ocr_line' id='line_1_29' title="bbox 412 2434 2760 2518; baseline 0.002 -18"><span class='ocrx_word' id='word_1_212' title='bbox 412 2435 734 2500; x_wconf 85' lang='lat' dir='ltr'>deteriora</span> <span class='ocrx_word' id='word_1_213' title='bbox 789 2434 1109 2500; x_wconf 88' lang='lat' dir='ltr'>credenda</span> <span class='ocrx_word' id='word_1_214' title='bbox 1162 2436 1353 2518; x_wconf 89' lang='lat' dir='ltr'>proni</span> <span class='ocrx_word' id='word_1_215' title='bbox 1407 2439 1587 2501; x_wconf 87' lang='lat' dir='ltr'>metu</span> <span class='ocrx_word' id='word_1_216' title='bbox 1646 2458 1842 2501; x_wconf 89' lang='lat' dir='ltr'>aurea</span> <span class='ocrx_word' id='word_1_217' title='bbox 1887 2443 2142 2504; x_wconf 85' lang='lat' dir='ltr'>catena.</span> <span class='ocrx_word' id='word_1_218' title='bbox 2166 2438 2513 2503; x_wconf 83' lang='lat' dir='ltr'>devinxere</span> <span class='ocrx_word' id='word_1_219' title='bbox 2561 2440 2760 2504; x_wconf 84' lang='lat' dir='ltr'>simu·</span> 
     </span>
     <span class='ocr_line' id='line_1_30' title="bbox 408 2523 2758 2611; baseline 0.002 -24"><span class='ocrx_word' id='word_1_220' title='bbox 408 2523 652 2588; x_wconf 90' lang='lat' dir='ltr'>lacrum</span> <span class='ocrx_word' id='word_1_221' title='bbox 700 2544 973 2607; x_wconf 91' lang='lat' dir='ltr'>araeque</span> <span class='ocrx_word' id='word_1_222' title='bbox 1019 2523 1335 2606; x_wconf 88' lang='lat' dir='ltr'>Herculis,</span> <span class='ocrx_word' id='word_1_223' title='bbox 1381 2525 1564 2590; x_wconf 86' lang='lat' dir='ltr'>cuius</span> <span class='ocrx_word' id='word_1_224' title='bbox 1601 2526 1872 2590; x_wconf 88' lang='lat' dir='ltr'>numini·</span> <span class='ocrx_word' id='word_1_225' title='bbox 1891 2528 2116 2592; x_wconf 91' lang='lat' dir='ltr'>urbem</span> <span class='ocrx_word' id='word_1_226' title='bbox 2157 2527 2548 2611; x_wconf 84' lang='lat' dir='ltr'>dicaverant,</span> <span class='ocrx_word' id='word_1_227' title='bbox 2594 2529 2758 2592; x_wconf 88' lang='lat' dir='ltr'>inse·</span> 
     </span>
     <span class='ocr_line' id='line_1_31' title="bbox 404 2610 2756 2702; baseline 0.004 -27"><span class='ocrx_word' id='word_1_228' title='bbox 404 2633 593 2676; x_wconf 88' lang='lat' dir='ltr'>ruere</span> <span class='ocrx_word' id='word_1_229' title='bbox 637 2610 987 2696; x_wconf 87' lang='lat' dir='ltr'>vinculum,</span> <span class='ocrx_word' id='word_1_230' title='bbox 1033 2613 1222 2696; x_wconf 90' lang='lat' dir='ltr'>quasi</span> <span class='ocrx_word' id='word_1_231' title='bbox 1258 2612 1373 2678; x_wconf 88' lang='lat' dir='ltr'>illo</span> <span class='ocrx_word' id='word_1_232' title='bbox 1412 2612 1531 2677; x_wconf 90' lang='lat' dir='ltr'>deo</span> <span class='ocrx_word' id='word_1_233' title='bbox 1568 2613 1942 2698; x_wconf 89' lang='lat' dir='ltr'>Apollinem</span> <span class='ocrx_word' id='word_1_234' title='bbox 1988 2619 2343 2682; x_wconf 79' lang='lat' dir='ltr'>retentum.</span> <span class='ocrx_word' id='word_1_235' title='bbox 2418 2615 2756 2702; x_wconf 72' lang='lat' dir='ltr'>Syracusis</span> 
     </span>
     <span class='ocr_line' id='line_1_32' title="bbox 406 2700 2756 2792; baseline 0.003 -28"><span class='ocrx_word' id='word_1_236' title='bbox 406 2700 472 2765; x_wconf 91' lang='lat' dir='ltr'>id</span> <span class='ocrx_word' id='word_1_237' title='bbox 520 2701 937 2766; x_wconf 88' lang='lat' dir='ltr'>simulacrum</span> <span class='ocrx_word' id='word_1_238' title='bbox 974 2701 1363 2766; x_wconf 84' lang='lat' dir='ltr'>devexerant</span> <span class='ocrx_word' id='word_1_239' title='bbox 1397 2701 1602 2767; x_wconf 90' lang='lat' dir='ltr'>Poeni</span> <span class='ocrx_word' id='word_1_240' title='bbox 1640 2707 1706 2767; x_wconf 89' lang='lat' dir='ltr'>et</span> <span class='ocrx_word' id='word_1_241' title='bbox 1725 2703 1809 2768; x_wconf 87' lang='lat' dir='ltr'>-in</span> <span class='ocrx_word' id='word_1_242' title='bbox 1845 2706 2090 2770; x_wconf 88' lang='lat' dir='ltr'>maiore</span> <span class='ocrx_word' id='word_1_243' title='bbox 2127 2707 2508 2773; x_wconf 87' lang='lat' dir='ltr'>locaverant</span> <span class='ocrx_word' id='word_1_244' title='bbox 2541 2705 2756 2792; x_wconf 84' lang='lat' dir='ltr'>patria</span> 
     </span>
    </p>
   </div>
   <div class='ocr_carea' id='block_1_17' title="bbox 404 2891 1526 4238">
    <p class='ocr_par' dir='ltr' id='par_1_17' title="bbox 404 2891 1525 3245">
     <span class='ocr_line' id='line_1_33' title="bbox 405 2891 1524 2949; baseline 0.003 -3"><span class='ocrx_word' id='word_1_245' title='bbox 405 2891 733 2947; x_wconf 84' lang='lat' dir='ltr'>bezeichnet</span> <span class='ocrx_word' id='word_1_246' title='bbox 786 2893 894 2948; x_wconf 89' lang='lat' dir='ltr'>den</span> <span class='ocrx_word' id='word_1_247' title='bbox 960 2894 1524 2949; x_wconf 85' lang='lat' dir='ltr'>Meeresschauer</span> 
     </span>
     <span class='ocr_line' id='line_1_34' title="bbox 408 2963 1524 3033; baseline 0.002 -15"><span class='ocrx_word' id='word_1_248' title='bbox 408 2965 587 3033; x_wconf 79' lang='grc' dir='ltr'>(φρίξ)</span> <span class='ocrx_word' id='word_1_249' title='bbox 624 2980 725 3020; x_wconf 87' lang='lat' dir='ltr'>vor</span> <span class='ocrx_word' id='word_1_250' title='bbox 753 2965 885 3021; x_wconf 88' lang='lat' dir='ltr'>dem</span> <span class='ocrx_word' id='word_1_251' title='bbox 915 2963 1138 3019; x_wconf 82' lang='lat' dir='ltr'>Sturmc</span> <span class='ocrx_word' id='word_1_252' title='bbox 1168 2995 1237 3004; x_wconf 86' lang='lat'>——-</span> <span class='ocrx_word' id='word_1_253' title='bbox 1264 2966 1524 3032; x_wconf 70' lang='lat' dir='ltr'>fluctus</span> 
     </span>
     <span class='ocr_line' id='line_1_35' title="bbox 405 3036 1525 3102; baseline 0.003 -14"><span class='ocrx_word' id='word_1_254' title='bbox 405 3036 601 3102; x_wconf 79' lang='lat' dir='ltr'>ciere,</span> <span class='ocrx_word' id='word_1_255' title='bbox 640 3037 745 3089; x_wconf 86' lang='lat' dir='ltr'>wie</span> <span class='ocrx_word' id='word_1_256' title='bbox 786 3041 867 3090; x_wconf 90' lang='grc'>10.</span> <span class='ocrx_word' id='word_1_257' title='bbox 911 3043 957 3091; x_wconf 82' lang='grc'><strong>7.</strong></span> <span class='ocrx_word' id='word_1_258' title='bbox 1000 3042 1092 3102; x_wconf 76' lang='lat'>113</span> <span class='ocrx_word' id='word_1_259' title='bbox 1138 3042 1331 3090; x_wconf 68' lang='lat' dir='ltr'>ventus</span> <span class='ocrx_word' id='word_1_260' title='bbox 1376 3053 1525 3091; x_wconf 81' lang='lat' dir='ltr'>mare</span> 
     </span>
     <span class='ocr_line' id='line_1_36' title="bbox 404 3105 1525 3176; baseline 0.001 -16"><span class='ocrx_word' id='word_1_261' title='bbox 404 3107 508 3160; x_wconf 79' lang='lat' dir='ltr'>ciet</span> <span class='ocrx_word' id='word_1_262' title='bbox 543 3107 647 3159; x_wconf 84' lang='lat' dir='ltr'>hat</span> <span class='ocrx_word' id='word_1_263' title='bbox 680 3105 828 3160; x_wconf 88' lang='lat' dir='ltr'>auch</span> <span class='ocrx_word' id='word_1_264' title='bbox 876 3105 995 3161; x_wconf 87' lang='lat' dir='ltr'>Liv.</span> <span class='ocrx_word' id='word_1_265' title='bbox 1047 3137 1113 3145; x_wconf 89' lang='lat'>—</span> <span class='ocrx_word' id='word_1_266' title='bbox 1164 3112 1525 3176; x_wconf 73' lang='lat' dir='ltr'>coeperunt</span> 
     </span>
     <span class='ocr_line' id='line_1_37' title="bbox 404 3175 1245 3245; baseline 0.005 -17"><span class='ocrx_word' id='word_1_267' title='bbox 404 3175 495 3228; x_wconf 63' lang='grc' dir='ltr'>ἰ’-δι·</span> <span class='ocrx_word' id='word_1_268' title='bbox 531 3181 719 3245; x_wconf 76' lang='lat' dir='ltr'>coepta</span> <span class='ocrx_word' id='word_1_269' title='bbox 754 3182 899 3245; x_wconf 79' lang='lat' dir='ltr'>sunt,</span> <span class='ocrx_word' id='word_1_270' title='bbox 940 3194 980 3232; x_wconf 88' lang='lat' dir='ltr'>s.</span> <span class='ocrx_word' id='word_1_271' title='bbox 1018 3176 1083 3230; x_wconf 87' lang='lat' dir='ltr'>E.</span> <span class='ocrx_word' id='word_1_272' title='bbox 1126 3182 1245 3232; x_wconf 85' lang='lat'>115.</span> 
     </span>
    </p>

    <p class='ocr_par' dir='ltr' id='par_1_18' title="bbox 404 3237 1526 4092">
     <span class='ocr_line' id='line_1_38' title="bbox 480 3237 1524 3319; baseline 0.003 -20"><span class='ocrx_word' id='word_1_273' title='bbox 480 3251 565 3302; x_wconf 88' lang='grc'>18.</span> <span class='ocrx_word' id='word_1_274' title='bbox 600 3247 749 3302; x_wconf 73' lang='lat' dir='ltr'>ulla</span> <span class='ocrx_word' id='word_1_275' title='bbox 802 3263 917 3319; x_wconf 76' lang='lat' dir='ltr'>ope</span> <span class='ocrx_word' id='word_1_276' title='bbox 964 3273 1032 3293; x_wconf 57' lang='grc' dir='ltr'>τ-</span> <span class='ocrx_word' id='word_1_277' title='bbox 1082 3237 1281 3301; x_wconf 78' lang='lat' dir='ltr'>‘dui-ch</span> <span class='ocrx_word' id='word_1_278' title='bbox 1324 3247 1524 3316; x_wconf 86' lang='lat' dir='ltr'>irgend</span> 
     </span>
     <span class='ocr_line' id='line_1_39' title="bbox 406 3315 1524 3386; baseline 0 -14"><span class='ocrx_word' id='word_1_279' title='bbox 406 3315 499 3372; x_wconf 88' lang='lat' dir='ltr'>ein</span> <span class='ocrx_word' id='word_1_280' title='bbox 534 3317 773 3383; x_wconf 79' lang='lat' dir='ltr'>Mittel&#39;3</span> <span class='ocrx_word' id='word_1_281' title='bbox 810 3320 884 3372; x_wconf 79' lang='lat' dir='ltr'>in</span> <span class='ocrx_word' id='word_1_282' title='bbox 930 3320 1324 3374; x_wconf 78' lang='lat' dir='ltr'>turbido-sc.</span> <span class='ocrx_word' id='word_1_283' title='bbox 1361 3317 1524 3386; x_wconf 77' lang='lat' dir='ltr'>mari,</span> 
     </span>
     <span class='ocr_line' id='line_1_40' title="bbox 405 3386 1523 3444; baseline 0.004 -4"><span class='ocrx_word' id='word_1_284' title='bbox 405 3386 513 3442; x_wconf 85' lang='lat' dir='ltr'>wie</span> <span class='ocrx_word' id='word_1_285' title='bbox 570 3389 744 3442; x_wconf 86' lang='lat' dir='ltr'>sehon</span> <span class='ocrx_word' id='word_1_286' title='bbox 796 3387 892 3442; x_wconf 91' lang='lat' dir='ltr'>bei</span> <span class='ocrx_word' id='word_1_287' title='bbox 944 3388 1064 3443; x_wconf 87' lang='lat' dir='ltr'>Liv.</span> <span class='ocrx_word' id='word_1_288' title='bbox 1105 3395 1153 3443; x_wconf 82' lang='lat'>3.</span> <span class='ocrx_word' id='word_1_289' title='bbox 1192 3395 1277 3443; x_wconf 84' lang='lat'>40.</span> <span class='ocrx_word' id='word_1_290' title='bbox 1320 3394 1402 3444; x_wconf 85' lang='lat'>10.</span> <span class='ocrx_word' id='word_1_291' title='bbox 1457 3421 1523 3429; x_wconf 92' lang='lat'>-</span> 
     </span>
     <span class='ocr_line' id='line_1_41' title="bbox 405 3459 1526 3586; baseline 0.003 -4"><span class='ocrx_word' id='word_1_292' title='bbox 405 3459 513 3583; x_wconf 65' lang='lat'>{232⁸</span> <span class='ocrx_word' id='word_1_293' title='bbox 522 3462 879 3584; x_wconf 45' lang='lat' dir='ltr'>{1233}ss</span> <span class='ocrx_word' id='word_1_294' title='bbox 926 3485 994 3505; x_wconf 65' lang='lat'>²</span> <span class='ocrx_word' id='word_1_295' title='bbox 1040 3461 1526 3586; x_wconf 53' lang='grc' dir='ltr'>Ξΐῖἦῖῗαξαὲἵθ</span> 
     </span>
     <span class='ocr_line' id='line_1_42' title="bbox 405 3573 1523 3672; baseline 0.004 -18"><span class='ocrx_word' id='word_1_296' title='bbox 405 3619 447 3654; x_wconf 88' lang='lat' dir='ltr'>s.</span> <span class='ocrx_word' id='word_1_297' title='bbox 488 3606 537 3654; x_wconf 89' lang='grc'><strong>9.</strong></span> <span class='ocrx_word' id='word_1_298' title='bbox 578 3605 755 3666; x_wconf 80' lang='grc'><strong>4.’13,</strong></span> <span class='ocrx_word' id='word_1_299' title='bbox 790 3604 942 3670; x_wconf 89' lang='lat' dir='ltr'>poet.</span> <span class='ocrx_word' id='word_1_300' title='bbox 980 3619 1033 3655; x_wconf 91' lang='lat' dir='ltr'>u.</span> <span class='ocrx_word' id='word_1_301' title='bbox 1071 3573 1523 3672; x_wconf 56' lang='lat' dir='ltr'>nkl.‚&#39;‘anfge:</span> 
     </span>
     <span class='ocr_line' id='line_1_43' title="bbox 404 3672 1523 3741; baseline 0.002 -17"><span class='ocrx_word' id='word_1_302' title='bbox 404 3672 647 3740; x_wconf 75' lang='lat' dir='ltr'>wfihlt,</span> <span class='ocrx_word' id='word_1_303' title='bbox 695 3672 1145 3741; x_wconf 83' lang='lat' dir='ltr'>gepeitscht&#39;.</span> <span class='ocrx_word' id='word_1_304' title='bbox 1183 3701 1251 3712; x_wconf 88' lang='lat'>——</span> <span class='ocrx_word' id='word_1_305' title='bbox 1288 3675 1523 3736; x_wconf 78' lang='lat' dir='ltr'>cessit,</span> 
     </span>
     <span class='ocr_line' id='line_1_44' title="bbox 407 3742 1523 3812; baseline 0.002 -16"><span class='ocrx_word' id='word_1_306' title='bbox 407 3742 569 3797; x_wconf 85' lang='lat' dir='ltr'>Sinn:</span> <span class='ocrx_word' id='word_1_307' title='bbox 609 3759 669 3796; x_wconf 88' lang='lat' dir='ltr'>cs</span> <span class='ocrx_word' id='word_1_308' title='bbox 704 3744 816 3811; x_wconf 86' lang='lat' dir='ltr'>gab</span> <span class='ocrx_word' id='word_1_309' title='bbox 844 3743 953 3797; x_wconf 89' lang='lat' dir='ltr'>den</span> <span class='ocrx_word' id='word_1_310' title='bbox 982 3743 1385 3812; x_wconf 74' lang='lat' dir='ltr'>Bemfihungen</span> <span class='ocrx_word' id='word_1_311' title='bbox 1422 3743 1523 3798; x_wconf 89' lang='lat' dir='ltr'>der</span> 
     </span>
     <span class='ocr_line' id='line_1_45' title="bbox 407 3812 1523 3884; baseline -0.001 -15"><span class='ocrx_word' id='word_1_312' title='bbox 407 3813 643 3870; x_wconf 78' lang='lat' dir='ltr'>Schiffer</span> <span class='ocrx_word' id='word_1_313' title='bbox 689 3813 860 3881; x_wconf 87' lang='lat' dir='ltr'>nach,</span> <span class='ocrx_word' id='word_1_314' title='bbox 908 3813 1003 3868; x_wconf 87' lang='lat' dir='ltr'>die</span> <span class='ocrx_word' id='word_1_315' title='bbox 1046 3812 1167 3868; x_wconf 88' lang='lat' dir='ltr'>ihm</span> <span class='ocrx_word' id='word_1_316' title='bbox 1211 3814 1523 3884; x_wconf 81' lang='lat' dir='ltr'>gleichsam</span> 
     </span>
     <span class='ocr_line' id='line_1_46' title="bbox 406 3884 1521 3954; baseline 0.003 -17"><span class='ocrx_word' id='word_1_317' title='bbox 406 3924 419 3937; x_wconf 91' lang='lat'><strong>.</strong></span> <span class='ocrx_word' id='word_1_318' title='bbox 444 3925 457 3938; x_wconf 92' lang='lat'><em>.</em></span> <span class='ocrx_word' id='word_1_319' title='bbox 486 3887 769 3954; x_wconf 74' lang='lat' dir='ltr'>abi-angen</span> <span class='ocrx_word' id='word_1_320' title='bbox 796 3903 851 3940; x_wconf 86' lang='lat' dir='ltr'>u.</span> <span class='ocrx_word' id='word_1_321' title='bbox 882 3901 924 3940; x_wconf 86' lang='lat' dir='ltr'>s.</span> <span class='ocrx_word' id='word_1_322' title='bbox 950 3903 1017 3940; x_wconf 84' lang='lat' dir='ltr'>w.</span> <span class='ocrx_word' id='word_1_323' title='bbox 1068 3884 1223 3939; x_wconf 81' lang='lat' dir='ltr'>Ganz</span> <span class='ocrx_word' id='word_1_324' title='bbox 1259 3885 1521 3940; x_wconf 64' lang='lat' dir='ltr'>ahnliche</span> 
     </span>
     <span class='ocr_line' id='line_1_47' title="bbox 407 3955 1522 4022; baseline 0.001 -12"><span class='ocrx_word' id='word_1_325' title='bbox 407 3955 623 4010; x_wconf 86' lang='lat' dir='ltr'>Stellen</span> <span class='ocrx_word' id='word_1_326' title='bbox 672 3955 793 4011; x_wconf 71' lang='lat' dir='ltr'>Liv‘.</span> <span class='ocrx_word' id='word_1_327' title='bbox 830 3961 917 4010; x_wconf 88' lang='grc'>22.</span> <span class='ocrx_word' id='word_1_328' title='bbox 960 3961 1041 4010; x_wconf 89' lang='grc'>19.</span> <span class='ocrx_word' id='word_1_329' title='bbox 1082 3962 1174 4022; x_wconf 85' lang='grc'><strong>10;</strong></span> <span class='ocrx_word' id='word_1_330' title='bbox 1221 3955 1352 4010; x_wconf 84' lang='lat' dir='ltr'>Tac.</span> <span class='ocrx_word' id='word_1_331' title='bbox 1388 3955 1522 4011; x_wconf 85' lang='lat' dir='ltr'>hist.</span> 
     </span>
     <span class='ocr_line' id='line_1_48' title="bbox 405 4031 970 4092; baseline 0 -12"><span class='ocrx_word' id='word_1_332' title='bbox 405 4031 457 4080; x_wconf 85' lang='lat'>4.</span> <span class='ocrx_word' id='word_1_333' title='bbox 499 4033 591 4092; x_wconf 74' lang='lat'>163</span> <span class='ocrx_word' id='word_1_334' title='bbox 620 4044 754 4088; x_wconf 69' lang='lat' dir='ltr'>ann.</span> <span class='ocrx_word' id='word_1_335' title='bbox 794 4032 843 4081; x_wconf 83' lang='lat'>2.</span> <span class='ocrx_word' id='word_1_336' title='bbox 883 4033 970 4081; x_wconf 83' lang='grc'>23.</span> 
     </span>
    </p>

    <p class='ocr_par' dir='ltr' id='par_1_19' title="bbox 404 4097 1526 4238">
     <span class='ocr_line' id='line_1_49' title="bbox 480 4097 1522 4167; baseline -0.001 -16"><span class='ocrx_word' id='word_1_337' title='bbox 480 4104 563 4151; x_wconf 91' lang='grc'>19.</span> <span class='ocrx_word' id='word_1_338' title='bbox 588 4097 1269 4167; x_wconf 69' lang='grc' dir='ltr'>Οατιὴαρίηὲοπείαηι</span> <span class='ocrx_word' id='word_1_339' title='bbox 1296 4098 1522 4166; x_wconf 64' lang='lat' dir='ltr'>legati.</span> 
     </span>
     <span class='ocr_line' id='line_1_50' title="bbox 404 4164 1526 4238; baseline 0.004 -20"><span class='ocrx_word' id='word_1_340' title='bbox 404 4164 581 4220; x_wconf 84' lang='lat' dir='ltr'>Nach·</span> <span class='ocrx_word' id='word_1_341' title='bbox 616 4169 820 4224; x_wconf 85' lang='lat' dir='ltr'>Arrian</span> <span class='ocrx_word' id='word_1_342' title='bbox 865 4174 915 4224; x_wconf 94' lang='grc'>2.</span> <span class='ocrx_word' id='word_1_343' title='bbox 953 4175 1046 4238; x_wconf 54' lang='grc' dir='ltr'>24..Ι</span> <span class='ocrx_word' id='word_1_344' title='bbox 1078 4173 1110 4222; x_wconf 85' lang='grc'>5</span> <span class='ocrx_word' id='word_1_345' title='bbox 1156 4167 1386 4223; x_wconf 85' lang='lat' dir='ltr'>wurden</span> <span class='ocrx_word' id='word_1_346' title='bbox 1432 4168 1526 4222; x_wconf 86' lang='lat' dir='ltr'>bei</span> 
     </span>
    </p>
   </div>
   <div class='ocr_carea' id='block_1_18' title="bbox 312 4235 1525 4308">
    <p class='ocr_par' dir='ltr' id='par_1_20' title="bbox 312 4235 1525 4308">
     <span class='ocr_line' id='line_1_51' title="bbox 312 4235 1525 4308; baseline 0.007 -22"><span class='ocrx_word' id='word_1_347' title='bbox 312 4301 319 4308; x_wconf 84' lang='lat'><strong>.</strong></span> <span class='ocrx_word' id='word_1_348' title='bbox 406 4235 506 4290; x_wconf 87' lang='lat' dir='ltr'>der</span> <span class='ocrx_word' id='word_1_349' title='bbox 541 4239 851 4294; x_wconf 84' lang='lat' dir='ltr'>Einnahme</span> <span class='ocrx_word' id='word_1_350' title='bbox 886 4255 998 4296; x_wconf 90' lang='lat' dir='ltr'>von</span> <span class='ocrx_word' id='word_1_351' title='bbox 1025 4239 1207 4308; x_wconf 80' lang='lat' dir='ltr'>Tyrus</span> <span class='ocrx_word' id='word_1_352' title='bbox 1242 4237 1322 4294; x_wconf 85' lang='lat' dir='ltr'>im</span> <span class='ocrx_word' id='word_1_353' title='bbox 1360 4239 1525 4294; x_wconf 82' lang='lat' dir='ltr'>Tem·</span> 
     </span>
    </p>
   </div>
   <div class='ocr_carea' id='block_1_19' title="bbox 406 4304 1523 4388">
    <p class='ocr_par' dir='ltr' id='par_1_21' title="bbox 406 4304 1523 4388">
     <span class='ocr_line' id='line_1_52' title="bbox 406 4304 1523 4388; baseline 0.004 -28"><span class='ocrx_word' id='word_1_354' title='bbox 406 4304 503 4372; x_wconf 83' lang='lat' dir='ltr'>pel</span> <span class='ocrx_word' id='word_1_355' title='bbox 537 4307 634 4361; x_wconf 85' lang='lat' dir='ltr'>des</span> <span class='ocrx_word' id='word_1_356' title='bbox 660 4309 927 4365; x_wconf 80' lang='lat' dir='ltr'>Hercules</span> <span class='ocrx_word' id='word_1_357' title='bbox 966 4312 1108 4388; x_wconf 76' lang='lat' dir='ltr'>auch</span> <span class='ocrx_word' id='word_1_358' title='bbox 1146 4309 1523 4380; x_wconf 79' lang='lat' dir='ltr'>ausgefunden</span> 
     </span>
    </p>
   </div>
   <div class='ocr_carea' id='block_1_20' title="bbox 1632 2891 2758 3107">
    <p class='ocr_par' dir='ltr' id='par_1_22' title="bbox 1632 2891 2758 3107">
     <span class='ocr_line' id='line_1_53' title="bbox 1633 2891 2754 2983; baseline -0.001 -33"><span class='ocrx_word' id='word_1_359' title='bbox 1633 2899 2044 2983; x_wconf 57' lang='grc' dir='ltr'><strong><em>Κοξρχηδονίορν</em></strong></span> <span class='ocrx_word' id='word_1_360' title='bbox 2080 2895 2232 2960; x_wconf 69' lang='grc' dir='ltr'><strong><em>τινὲς</em></strong></span> <span class='ocrx_word' id='word_1_361' title='bbox 2255 2895 2474 2982; x_wconf 60' lang='grc' dir='ltr'>(θεωροὶ</span> <span class='ocrx_word' id='word_1_362' title='bbox 2503 2891 2560 2958; x_wconf 75' lang='grc' dir='ltr'>ἐς</span> <span class='ocrx_word' id='word_1_363' title='bbox 2584 2891 2754 2982; x_wconf 67' lang='grc' dir='ltr'><strong><em>τιμὴν</em></strong></span> 
     </span>
     <span class='ocr_line' id='line_1_54' title="bbox 1632 2965 2758 3036; baseline -0.001 -16"><span class='ocrx_word' id='word_1_364' title='bbox 1632 2986 1734 3022; x_wconf 81' lang='grc' dir='ltr'>του</span> <span class='ocrx_word' id='word_1_365' title='bbox 1757 2965 2101 3035; x_wconf 59' lang='lat' dir='ltr'>‘Homul-seve</span> <span class='ocrx_word' id='word_1_366' title='bbox 2128 2987 2276 3022; x_wconf 77' lang='grc' dir='ltr'><strong><em>κατα</em></strong></span> <span class='ocrx_word' id='word_1_367' title='bbox 2305 2965 2482 3036; x_wconf 76' lang='grc' dir='ltr'><strong><em>νόμον</em></strong></span> <span class='ocrx_word' id='word_1_368' title='bbox 2509 2971 2758 3020; x_wconf 58' lang='grc' dir='ltr'>παλαιοῦ</span> 
     </span>
     <span class='ocr_line' id='line_1_55' title="bbox 1633 3032 2632 3107; baseline -0.001 -15"><span class='ocrx_word' id='word_1_369' title='bbox 1633 3038 1718 3100; x_wconf 79' lang='grc' dir='ltr'>εἰς</span> <span class='ocrx_word' id='word_1_370' title='bbox 1753 3032 1856 3106; x_wconf 77' lang='grc' dir='ltr'>τὴν</span> <span class='ocrx_word' id='word_1_371' title='bbox 1895 3034 2237 3107; x_wconf 73' lang='grc' dir='ltr'><strong><em>μητρόπολιν</em></strong></span> <span class='ocrx_word' id='word_1_372' title='bbox 2273 3034 2632 3105; x_wconf 76' lang='grc' dir='ltr'><strong>ἀφικόμενοι.</strong></span> 
     </span>
    </p>
   </div>
   <div class='ocr_carea' id='block_1_21' title="bbox 1630 3105 2756 3248">
    <p class='ocr_par' dir='ltr' id='par_1_23' title="bbox 1630 3105 2756 3248">
     <span class='ocr_line' id='line_1_56' title="bbox 1704 3105 2752 3178; baseline -0.004 -16"><span class='ocrx_word' id='word_1_373' title='bbox 1704 3113 1789 3162; x_wconf 88' lang='grc'>20.</span> <span class='ocrx_word' id='word_1_374' title='bbox 1847 3109 2290 3178; x_wconf 72' lang='lat' dir='ltr'>Syracusani.</span> <span class='ocrx_word' id='word_1_375' title='bbox 2366 3105 2474 3159; x_wconf 87' lang='lat' dir='ltr'>Ein</span> <span class='ocrx_word' id='word_1_376' title='bbox 2529 3105 2752 3158; x_wconf 87' lang='lat' dir='ltr'>Irrtum.</span> 
     </span>
     <span class='ocr_line' id='line_1_57' title="bbox 1630 3175 2756 3248; baseline -0.004 -16"><span class='ocrx_word' id='word_1_377' title='bbox 1630 3179 1734 3232; x_wconf 88' lang='lat' dir='ltr'>Die</span> <span class='ocrx_word' id='word_1_378' title='bbox 1784 3178 2161 3248; x_wconf 69' lang='lat' dir='ltr'>Bedrang&#39;ung</span> <span class='ocrx_word' id='word_1_379' title='bbox 2218 3177 2526 3244; x_wconf 83' lang='lat' dir='ltr'>Carthagos</span> <span class='ocrx_word' id='word_1_380' title='bbox 2577 3175 2756 3229; x_wconf 87' lang='lat' dir='ltr'>durch</span> 
     </span>
    </p>
   </div>
   <div class='ocr_carea' id='block_1_22' title="bbox 1599 3245 2752 3318">
    <p class='ocr_par' dir='ltr' id='par_1_24' title="bbox 1599 3245 2752 3318">
     <span class='ocr_line' id='line_1_58' title="bbox 1599 3245 2752 3318; baseline -0.008 -10"><span class='ocrx_word' id='word_1_381' title='bbox 1599 3297 1614 3308; x_wconf 83' lang='lat'><strong>.</strong></span> <span class='ocrx_word' id='word_1_382' title='bbox 1630 3247 1973 3318; x_wconf 86' lang='lat' dir='ltr'>Agathocles</span> <span class='ocrx_word' id='word_1_383' title='bbox 1993 3265 2103 3302; x_wconf 90' lang='lat' dir='ltr'>von</span> <span class='ocrx_word' id='word_1_384' title='bbox 2129 3247 2374 3317; x_wconf 79' lang='lat' dir='ltr'>Syrakus</span> <span class='ocrx_word' id='word_1_385' title='bbox 2404 3245 2534 3299; x_wconf 76' lang='lat' dir='ltr'>fallt</span> <span class='ocrx_word' id='word_1_386' title='bbox 2559 3245 2622 3300; x_wconf 88' lang='lat' dir='ltr'>in</span> <span class='ocrx_word' id='word_1_387' title='bbox 2651 3247 2752 3299; x_wconf 85' lang='lat' dir='ltr'>das</span> 
     </span>
    </p>
   </div>
   <div class='ocr_carea' id='block_1_23' title="bbox 1630 3306 2758 4379">
    <p class='ocr_par' dir='ltr' id='par_1_25' title="bbox 1633 3306 2755 3601">
     <span class='ocr_line' id='line_1_59' title="bbox 1633 3306 2752 3375; baseline -0.004 0"><span class='ocrx_word' id='word_1_388' title='bbox 1633 3318 1776 3375; x_wconf 86' lang='lat' dir='ltr'>Jahr</span> <span class='ocrx_word' id='word_1_389' title='bbox 1811 3326 1931 3375; x_wconf 83' lang='lat'><strong>309.</strong></span> <span class='ocrx_word' id='word_1_390' title='bbox 2004 3306 2156 3373; x_wconf 74' lang='lat' dir='ltr'>Uber</span> <span class='ocrx_word' id='word_1_391' title='bbox 2191 3323 2256 3373; x_wconf 79' lang='lat' dir='ltr'>et</span> <span class='ocrx_word' id='word_1_392' title='bbox 2289 3317 2470 3372; x_wconf 75' lang='lat' dir='ltr'>haud</span> <span class='ocrx_word' id='word_1_393' title='bbox 2507 3333 2550 3372; x_wconf 85' lang='lat' dir='ltr'>s.</span> <span class='ocrx_word' id='word_1_394' title='bbox 2579 3315 2641 3370; x_wconf 85' lang='lat' dir='ltr'>E.</span> <span class='ocrx_word' id='word_1_395' title='bbox 2666 3320 2752 3371; x_wconf 85' lang='grc'><strong>66.</strong></span> 
     </span>
     <span class='ocr_line' id='line_1_60' title="bbox 1634 3386 2753 3460; baseline -0.002 -14"><span class='ocrx_word' id='word_1_396' title='bbox 1634 3421 1702 3430; x_wconf 91' lang='grc'>-</span> <span class='ocrx_word' id='word_1_397' title='bbox 1740 3409 1777 3445; x_wconf 84' lang='grc' dir='ltr'><strong><em>α</em></strong></span> <span class='ocrx_word' id='word_1_398' title='bbox 1810 3407 1925 3460; x_wconf 77' lang='lat' dir='ltr'>spe</span> <span class='ocrx_word' id='word_1_399' title='bbox 1959 3390 2274 3455; x_wconf 75' lang='lat' dir='ltr'>destitui,</span> <span class='ocrx_word' id='word_1_400' title='bbox 2311 3389 2485 3442; x_wconf 87' lang='lat' dir='ltr'>schon</span> <span class='ocrx_word' id='word_1_401' title='bbox 2511 3386 2753 3444; x_wconf 79' lang='lat' dir='ltr'>bei-Liv.</span> 
     </span>
     <span class='ocr_line' id='line_1_61' title="bbox 1635 3455 2755 3530; baseline -0.004 -14"><span class='ocrx_word' id='word_1_402' title='bbox 1635 3493 1701 3502; x_wconf 90' lang='lat'>-·</span> <span class='ocrx_word' id='word_1_403' title='bbox 1754 3463 1997 3528; x_wconf 75' lang='lat' dir='ltr'>laturi,</span> <span class='ocrx_word' id='word_1_404' title='bbox 2042 3459 2254 3530; x_wconf 79' lang='lat' dir='ltr'>grieoh.</span> <span class='ocrx_word' id='word_1_405' title='bbox 2289 3455 2618 3529; x_wconf 70' lang='grc' dir='ltr'><strong>πεισόμενοι</strong></span> <span class='ocrx_word' id='word_1_406' title='bbox 2663 3455 2755 3526; x_wconf 75' lang='grc' dir='ltr'>ἄν,</span> 
     </span>
     <span class='ocr_line' id='line_1_62' title="bbox 1635 3530 1932 3601; baseline 0 -15"><span class='ocrx_word' id='word_1_407' title='bbox 1635 3530 1691 3586; x_wconf 80' lang='grc' dir='ltr'>εἰ</span> <span class='ocrx_word' id='word_1_408' title='bbox 1731 3530 1932 3601; x_wconf 73' lang='grc' dir='ltr'><strong>ἔχοιεν.</strong></span> 
     </span>
    </p>

    <p class='ocr_par' dir='ltr' id='par_1_26' title="bbox 1631 3602 2758 3800">
     <span class='ocr_line' id='line_1_63' title="bbox 1705 3602 2756 3672; baseline -0.003 -14"><span class='ocrx_word' id='word_1_409' title='bbox 1705 3609 1791 3660; x_wconf 87' lang='grc'>21.</span> <span class='ocrx_word' id='word_1_410' title='bbox 1843 3602 2222 3672; x_wconf 66' lang='grc' dir='ltr'><em>Αροῖῑίηίθ,</em></span> <span class='ocrx_word' id='word_1_411' title='bbox 2280 3619 2320 3656; x_wconf 89' lang='lat' dir='ltr'>s.</span> <span class='ocrx_word' id='word_1_412' title='bbox 2361 3606 2392 3666; x_wconf 70' lang='grc' dir='ltr'>ἓ</span> <span class='ocrx_word' id='word_1_413' title='bbox 2430 3607 2517 3658; x_wconf 87' lang='grc'>22.</span> <span class='ocrx_word' id='word_1_414' title='bbox 2563 3631 2637 3642; x_wconf 88' lang='grc'>--</span> <span class='ocrx_word' id='word_1_415' title='bbox 2679 3602 2756 3656; x_wconf 63' lang='lat' dir='ltr'>ifn</span> 
     </span>
     <span class='ocr_line' id='line_1_64' title="bbox 1631 3670 2758 3729; baseline 0 -1"><span class='ocrx_word' id='word_1_416' title='bbox 1631 3676 1782 3729; x_wconf 79' lang='lat' dir='ltr'>salo</span> <span class='ocrx_word' id='word_1_417' title='bbox 1817 3674 1924 3729; x_wconf 84' lang='lat' dir='ltr'>wie</span> <span class='ocrx_word' id='word_1_418' title='bbox 1952 3673 2099 3727; x_wconf 91' lang='lat' dir='ltr'>oben</span> <span class='ocrx_word' id='word_1_419' title='bbox 2125 3679 2176 3728; x_wconf 88' lang='grc'>2.</span> <span class='ocrx_word' id='word_1_420' title='bbox 2205 3678 2237 3727; x_wconf 90' lang='grc'><strong>9</strong></span> <span class='ocrx_word' id='word_1_421' title='bbox 2265 3674 2330 3728; x_wconf 69' lang='lat' dir='ltr'>im</span> <span class='ocrx_word' id='word_1_422' title='bbox 2355 3674 2552 3728; x_wconf 67' lang='lat' dir='ltr'>aalma.</span> <span class='ocrx_word' id='word_1_423' title='bbox 2595 3670 2758 3728; x_wconf 79' lang='lat' dir='ltr'>Auoh</span> 
     </span>
     <span class='ocr_line' id='line_1_65' title="bbox 1633 3744 2325 3800; baseline -0.003 -1"><span class='ocrx_word' id='word_1_424' title='bbox 1633 3744 1827 3799; x_wconf 85' lang='lat' dir='ltr'>Cicero</span> <span class='ocrx_word' id='word_1_425' title='bbox 1863 3745 1968 3800; x_wconf 84' lang='lat' dir='ltr'>hat</span> <span class='ocrx_word' id='word_1_426' title='bbox 2004 3744 2106 3798; x_wconf 86' lang='lat' dir='ltr'>das</span> <span class='ocrx_word' id='word_1_427' title='bbox 2143 3744 2325 3798; x_wconf 84' lang='lat' dir='ltr'>Wort.</span> 
     </span>
    </p>

    <p class='ocr_par' dir='ltr' id='par_1_27' title="bbox 1630 3811 2757 4379">
     <span class='ocr_line' id='line_1_66' title="bbox 1701 3811 2754 3880; baseline -0.001 -10"><span class='ocrx_word' id='word_1_428' title='bbox 1701 3821 1788 3870; x_wconf 86' lang='grc'>22.</span> <span class='ocrx_word' id='word_1_429' title='bbox 1827 3817 2191 3870; x_wconf 73' lang='lat' dir='ltr'>devinoeere</span> <span class='ocrx_word' id='word_1_430' title='bbox 2224 3813 2401 3880; x_wconf 75' lang='lat' dir='ltr'>bloss3</span> <span class='ocrx_word' id='word_1_431' title='bbox 2433 3814 2537 3868; x_wconf 74' lang='lat' dir='ltr'>‘sie</span> <span class='ocrx_word' id='word_1_432' title='bbox 2564 3811 2754 3869; x_wconf 81' lang='lat' dir='ltr'>fesscl-</span> 
     </span>
     <span class='ocr_line' id='line_1_67' title="bbox 1630 3885 2754 3956; baseline -0.004 -15"><span class='ocrx_word' id='word_1_433' title='bbox 1630 3887 1771 3954; x_wconf 87' lang='lat' dir='ltr'>ten&#39;‚</span> <span class='ocrx_word' id='word_1_434' title='bbox 1818 3885 1933 3956; x_wconf 83' lang='lat' dir='ltr'>vgl.</span> <span class='ocrx_word' id='word_1_435' title='bbox 1971 3891 2002 3952; x_wconf 60' lang='grc' dir='ltr'>ᾖ</span> <span class='ocrx_word' id='word_1_436' title='bbox 2044 3891 2118 3940; x_wconf 84' lang='grc'>15.</span> <span class='ocrx_word' id='word_1_437' title='bbox 2171 3916 2238 3929; x_wconf 87' lang='lat'><em>-</em></span> <span class='ocrx_word' id='word_1_438' title='bbox 2289 3886 2634 3940; x_wconf 73' lang='lat' dir='ltr'>vinculum</span> <span class='ocrx_word' id='word_1_439' title='bbox 2685 3908 2754 3928; x_wconf 84' lang='lat'>===</span> 
     </span>
     <span class='ocr_line' id='line_1_68' title="bbox 1631 3952 2754 4013; baseline -0.004 -1"><span class='ocrx_word' id='word_1_440' title='bbox 1631 3974 1805 4012; x_wconf 77' lang='lat' dir='ltr'>aurea</span> <span class='ocrx_word' id='word_1_441' title='bbox 1839 3963 2050 4013; x_wconf 76' lang='lat' dir='ltr'>catena.</span> <span class='ocrx_word' id='word_1_442' title='bbox 2107 3955 2215 4011; x_wconf 90' lang='lat' dir='ltr'>Die</span> <span class='ocrx_word' id='word_1_443' title='bbox 2251 3956 2420 4010; x_wconf 80' lang='lat' dir='ltr'>Notiz</span> <span class='ocrx_word' id='word_1_444' title='bbox 2444 3955 2585 4009; x_wconf 71' lang='lat' dir='ltr'>iiber</span> <span class='ocrx_word' id='word_1_445' title='bbox 2617 3952 2754 4008; x_wconf 86' lang='lat' dir='ltr'>Her-</span> 
     </span>
     <span class='ocr_line' id='line_1_69' title="bbox 1633 4027 2754 4096; baseline -0.004 -15"><span class='ocrx_word' id='word_1_446' title='bbox 1633 4028 1785 4082; x_wconf 85' lang='lat' dir='ltr'>cules</span> <span class='ocrx_word' id='word_1_447' title='bbox 1837 4028 1916 4083; x_wconf 87' lang='lat' dir='ltr'>ist</span> <span class='ocrx_word' id='word_1_448' title='bbox 1976 4027 2218 4096; x_wconf 68' lang='lat' dir='ltr'>unnotig</span> <span class='ocrx_word' id='word_1_449' title='bbox 2269 4027 2416 4080; x_wconf 86' lang='lat' dir='ltr'>nach</span> <span class='ocrx_word' id='word_1_450' title='bbox 2481 4031 2531 4079; x_wconf 93' lang='grc'>2.</span> <span class='ocrx_word' id='word_1_451' title='bbox 2579 4030 2630 4077; x_wconf 84' lang='grc'><strong>3.</strong></span> <span class='ocrx_word' id='word_1_452' title='bbox 2683 4053 2754 4064; x_wconf 92' lang='lat'><em>-</em></span> 
     </span>
     <span class='ocr_line' id='line_1_70' title="bbox 1633 4095 2752 4154; baseline -0.005 0"><span class='ocrx_word' id='word_1_453' title='bbox 1633 4099 1860 4154; x_wconf 73' lang='lat' dir='ltr'>Poeni.</span> <span class='ocrx_word' id='word_1_454' title='bbox 1924 4098 2086 4154; x_wconf 85' lang='lat' dir='ltr'>Naeh</span> <span class='ocrx_word' id='word_1_455' title='bbox 2121 4097 2285 4151; x_wconf 84' lang='lat' dir='ltr'>Diod.</span> <span class='ocrx_word' id='word_1_456' title='bbox 2328 4101 2411 4150; x_wconf 78' lang='grc'>13.</span> <span class='ocrx_word' id='word_1_457' title='bbox 2452 4099 2556 4150; x_wconf 86' lang='grc'><strong>108</strong></span> <span class='ocrx_word' id='word_1_458' title='bbox 2591 4095 2752 4148; x_wconf 83' lang='lat' dir='ltr'>hatte</span> 
     </span>
     <span class='ocr_line' id='line_1_71' title="bbox 1631 4163 2752 4238; baseline -0.004 -16"><span class='ocrx_word' id='word_1_459' title='bbox 1631 4170 1733 4224; x_wconf 86' lang='lat' dir='ltr'>der</span> <span class='ocrx_word' id='word_1_460' title='bbox 1763 4169 2070 4238; x_wconf 84' lang='lat' dir='ltr'>Carthager</span> <span class='ocrx_word' id='word_1_461' title='bbox 2107 4166 2394 4222; x_wconf 87' lang='lat' dir='ltr'>Hamilcar</span> <span class='ocrx_word' id='word_1_462' title='bbox 2431 4163 2522 4219; x_wconf 86' lang='lat' dir='ltr'>ein</span> <span class='ocrx_word' id='word_1_463' title='bbox 2553 4163 2752 4222; x_wconf 83' lang='lat' dir='ltr'>Staud-</span> 
     </span>
     <span class='ocr_line' id='line_1_72' title="bbox 1631 4236 2754 4308; baseline -0.005 -14"><span class='ocrx_word' id='word_1_464' title='bbox 1631 4239 1757 4294; x_wconf 89' lang='lat' dir='ltr'>bild</span> <span class='ocrx_word' id='word_1_465' title='bbox 1800 4243 1899 4296; x_wconf 84' lang='lat' dir='ltr'>des</span> <span class='ocrx_word' id='word_1_466' title='bbox 1950 4240 2181 4308; x_wconf 85' lang='lat' dir='ltr'>Apollo,</span> <span class='ocrx_word' id='word_1_467' title='bbox 2233 4238 2336 4291; x_wconf 83' lang='lat' dir='ltr'>das</span> <span class='ocrx_word' id='word_1_468' title='bbox 2387 4253 2449 4290; x_wconf 87' lang='lat' dir='ltr'>er</span> <span class='ocrx_word' id='word_1_469' title='bbox 2497 4241 2602 4290; x_wconf 78' lang='lat'>405</span> <span class='ocrx_word' id='word_1_470' title='bbox 2653 4236 2754 4289; x_wconf 81' lang='lat' dir='ltr'>der</span> 
     </span>
     <span class='ocr_line' id='line_1_73' title="bbox 1632 4305 2757 4379; baseline -0.005 -13"><span class='ocrx_word' id='word_1_471' title='bbox 1632 4309 1798 4366; x_wconf 85' lang='lat' dir='ltr'>Stadt</span> <span class='ocrx_word' id='word_1_472' title='bbox 1817 4310 1958 4366; x_wconf 79' lang='lat' dir='ltr'>Gela</span> <span class='ocrx_word' id='word_1_473' title='bbox 1987 4309 2227 4379; x_wconf 82' lang='lat' dir='ltr'>geraubt</span> <span class='ocrx_word' id='word_1_474' title='bbox 2251 4307 2433 4373; x_wconf 83' lang='lat' dir='ltr'>hatte,</span> <span class='ocrx_word' id='word_1_475' title='bbox 2453 4307 2539 4362; x_wconf 86' lang='lat' dir='ltr'>als</span> <span class='ocrx_word' id='word_1_476' title='bbox 2558 4305 2757 4360; x_wconf 80' lang='lat' dir='ltr'>weih-</span> 
     </span>
    </p>
   </div>
  </div>
 </body>
</html>
