3069 4749
857 142 1365 199 HISTORIARUM
1401 142 1835 199 ALEXANDRI
1872 144 1991 213 VII,
2031 150 2080 198 5.
2564 144 2648 210 75

290 308 647 376 exercitum
710 305 970 371 ducens.
1078 304 1443 389 Aquarum,
1507 308 1584 369 ut
1654 309 1804 371 ante
1869 305 2113 371 dictum
2181 310 2307 390 est,
2378 308 2648 390 penuria

288 399 471 485 prius
517 394 967 480 desperatione
1015 416 1207 477 quam
1256 394 1575 460 desiderio
1622 394 1888 459 bibendi
1925 395 2104 459 sitim
2143 395 2450 461 accendit.
2523 396 2648 461 Per

2683 326 2716 373 2

290 502 467 553 cccc
506 484 723 550 stadia
762 505 847 549 ne
882 482 1175 549 modicus
1220 482 1483 568 quidem
1520 484 1757 549 humor
1798 483 2033 549 existit.
2105 482 2402 549 Harenas
2441 506 2647 569 vapor
2682 504 2715 551 3

292 574 524 642 aestivi
571 573 733 639 solis
780 571 1099 637 accendit·
1144 592 1309 655 quae
1354 572 1469 636 ubi
1514 572 1792 656 flagrare
1831 576 2207 655 coeperunt,
2253 572 2428 637 haud
2465 594 2646 638 secus

292 686 489 750 quam
552 660 914 729 continenti
986 660 1283 725 incendio
1348 663 1581 727 cuncta
1656 664 2006 727 torrentur.
2117 658 2350 747 Caligo
2416 661 2648 726 deinde

292 751 618 817 inmodico
677 754 893 815 terrae
954 748 1213 815 fervore
1274 749 1556 815 excitata
1622 749 1834 814 lucem
1903 749 2074 833 tegit
2145 770 2648 835 camporumque

294 864 429 907 non
456 841 585 906 alia
612 860 809 925 quam
836 839 1009 903 vasti
1037 841 1103 902 et
1128 837 1435 940 profundi
1463 838 1766 922 aequoris
1795 837 2042 922 species
2072 842 2190 903 est.
2235 836 2648 905 Nocturnum

294 931 424 995 iter
456 927 803 995 tolerabile
839 926 1209 1010 videbatur,
1251 926 1407 1011 quia
1440 948 1588 992 rore
1625 930 1694 991 et
1728 926 2052 991 matutino
2090 926 2338 1011 frigore
2374 948 2650 1013 corpora

293 1018 691 1083 levabantur.
785 1012 1090 1081 Ceterum
1145 1037 1293 1081 cum
1346 1015 1495 1099 ipsa
1548 1016 1696 1081 luce
1739 1018 1958 1080 aestus
2004 1016 2212 1080 oritur
2263 1037 2650 1102 omnemque

294 1106 663 1171 naturalem
710 1104 1021 1171 absorbet
1064 1104 1403 1170 humorem
1450 1104 1737 1169 siccitas.
1802 1125 1918 1169 ora
1961 1105 2337 1188 visceraque
2389 1105 2650 1188 penitus

295 1198 589 1259 uruntur.
660 1194 896 1277 Itaque
938 1194 1221 1277 primum
1262 1193 1496 1276 animi,
1539 1192 1774 1258 deinde
1811 1214 2086 1276 corpora
2120 1192 2391 1258 deficere
2430 1215 2650 1277 coepe-

295 1288 472 1348 runt.
574 1282 855 1367 Pigebat
926 1287 993 1347 et
1056 1282 1411 1347 consistere
1476 1285 1544 1346 et
1617 1280 1939 1367 progredi.
2047 1281 2248 1347 Pauci
2311 1304 2352 1347 a
2425 1283 2648 1367 peritis

295 1372 583 1456 regionis
630 1370 944 1435 admoniti
992 1374 1542 1455 praeparaverant
1594 1392 1848 1455 aquam.
1937 1369 2118 1435 Haec
2173 1371 2508 1455 paulisper
2551 1394 2648 1435 re-

294 1460 537 1546 pressit
572 1459 775 1524 sitim:
815 1459 1045 1525 deinde
1082 1463 1409 1525 crescente
1445 1462 1630 1523 aestu
1667 1480 1892 1523 rursus
1933 1458 2322 1524 desiderium
2358 1459 2650 1525 humoris

296 1570 637 1615 accensum
675 1552 793 1615 est.
865 1547 1047 1633 Ergo
1055 1599 1074 1634 ,
1114 1548 1427 1633 quidquid
1463 1548 1602 1612 vini
1638 1548 1896 1631 oleique
1933 1551 2100 1631 erat,
2139 1548 2361 1613 oribus
2397 1549 2650 1632 ingere-

297 1638 493 1702 batur
536 1640 851 1721 tantaque
897 1636 1169 1702 dulcedo
1214 1636 1480 1702 bibendi
1525 1636 1681 1719 fuit,
1727 1640 1801 1701 ut
1845 1637 1914 1702 in
1960 1640 2296 1720 posterum
2335 1636 2480 1702 sitis
2517 1658 2650 1702 non

296 1726 654 1791 timeretur.
746 1724 995 1791 Graves
1040 1725 1273 1791 deinde
1319 1724 1505 1790 avide
1552 1724 1790 1790 hausto
1836 1725 2106 1790 humore
2151 1746 2284 1791 non
2330 1725 2650 1791 sustinere

295 1836 687 1986 3323&
718 1814 979 1967 35:³2³
1008 1812 2235 1968 5⁰53?ss„5:3531103333.3⁶2¹00³3}35²
2265 1836 2654 1969 (ξέῗέῖθῖἳὲῗ-

296 2012 574 2077 egerere.
624 1926 1004 2056 ΑιιιιιιιιιιΡ
1034 2012 1257 2077 regem
1319 1992 1525 2056 tantis
1591 1990 1788 2055 malis
1852 1991 2230 2056 circumfusi
2292 1923 2514 2075 agini,
2577 1997 2652 2057 ut

296 2081 701 2145 meminisset
734 2081 1039 2159 orabant,
1076 2082 1277 2175 animi
1314 2080 1417 2145 sui
1444 2079 1965 2165 magnitudinem
2000 2080 2264 2145 unicum
2290 2081 2649 2146 remedium

297 2168 649 2233 deficientis
706 2170 1023 2233 exercitus
1080 2191 1247 2234 esse·
1316 2190 1465 2233 cum
1520 2190 1598 2233 ex
1652 2168 1760 2233 h1s
1768 2218 1788 2252 ,
1851 2169 1963 2252 qui
2024 2174 2514 2252 praecesserant
2569 2171 2652 2235 ad

296 2258 679 2341 capiendum
705 2258 920 2321 locum
941 2259 1191 2338 castris,
1222 2258 1345 2323 duo
1367 2260 1714 2322 occurrunt
1740 2258 2000 2322 utribus
2029 2279 2268 2341 aquam
2297 2261 2652 2343 gestantes,

212 2386 214 2389 -
295 2349 370 2412 ut
413 2346 567 2411 filiis
616 2346 775 2429 suis,
832 2368 993 2432 quos
1040 2347 1111 2412 in
1155 2346 1381 2414 eodem
1428 2346 1690 2430 agmine
1737 2367 1878 2412 esse
1934 2349 2002 2412 et
2045 2366 2240 2432 aegre
2283 2347 2426 2431 pati
2471 2347 2652 2414 sitim

293 2457 427 2501 non
469 2436 893 2520 ignorabant,
950 2440 1376 2502 occurrerent.
1468 2435 1591 2512 Qui
1651 2457 1800 2500 cum
1855 2436 1926 2500 ιιι
1969 2457 2192 2522 regem
2250 2436 2652 2520 incidissent,

296 2525 465 2590 alter
523 2546 601 2590 ex
663 2523 768 2590 his
832 2528 978 2589 utre
1040 2526 1333 2591 resoluto
1397 2546 1544 2607 vas,
1607 2525 1780 2609 quod
1844 2524 2040 2589 simul
2105 2525 2383 2608 ferebat,
2445 2526 2654 2610 inplet

295 2613 638 2697 porrigens
684 2614 840 2698 regi.
932 2612 1057 2677 Ille
1102 2614 1359 2697 accipit.
1439 2611 1894 2696 Percontatus,
1941 2613 2174 2697 quibus
2221 2635 2460 2697 aquam
2503 2637 2652 2698 por·

296 2706 541 2776 tarent,
579 2700 734 2766 filiis
771 2702 939 2766 ferre
978 2703 1330 2787 cognoscit.
1402 2701 1585 2766 Tune
1621 2701 1855 2786 poculo
1894 2701 2116 2784 plene,
2153 2702 2321 2765 sicut
2357 2703 2654 2768 oblatum

297 2899 347 2948 4.
378 2899 463 2961 27,
506 2892 614 2947 mit
650 2911 719 2948 zu
752 2892 1057 2948 Bactriana
1093 2893 1415 2962 gerechnet.
1598 2898 1646 2946 5.
1703 2892 2104 2946 naturalem.
2186 2890 2316 2960 Vgl.
2373 2895 2654 2948 naturalis

299 2964 372 3018 So
412 2965 585 3020 diana
610 2964 687 3020 ist
702 2964 794 3020 die
822 2964 1051 3034 heutige
1072 2963 1419 3020 Landschaft
1524 2966 1666 3018 situs
1702 2969 1752 3020 3.
1793 2969 1842 3017 4.
1882 2968 1941 3030 23
1980 2967 2030 3018 8.
2067 2967 2118 3016 2.
2157 2967 2242 3016 22.

295 3035 381 3088 Bu
422 3035 589 3103 hara,
638 3052 751 3091 von
796 3035 893 3090 der
938 3036 1029 3089 ein
1066 3035 1232 3090 Theil
1270 3035 1421 3090 noch
1601 3041 1648 3088 ‘1-
1684 3037 2279 3104 praeparaverant
2310 3032 2347 3086 f.
2389 3037 2516 3087 amte
2545 3051 2652 3101 pa-

290 3103 437 3175 jetzt
466 3105 641 3175 Sogd
669 3107 921 3176 (altpers.
940 3105 1421 3176 Sughda==terra
1527 3111 1745 3171 rarant,
1772 3109 2030 3173 paratam
2048 3105 2333 3158 habebant.
2351 3133 2418 3144 -—
2435 3109 2652 3171 aestu,

291 3179 466 3246 pura)
501 3179 753 3246 genannt
787 3177 947 3232 wird.
1528 3177 1651 3230 hier
1661 3176 1836 3230 wohl.
1853 3175 1942 3229 die
1952 3174 2264 3244 Erhitzung
2273 3173 2652 3230 derTrinken-

372 3253 421 3302 2.
460 3253 615 3304 ante
640 3249 894 3303 dictum
921 3253 1043 3313 est,
1080 3247 1227 3302 oben
1253 3254 1304 3304 4.
1334 3253 1420 3302 27.
1528 3247 1655 3302 den.
1679 3249 1839 3301 -in
1870 3250 2208 3314 posterum
2233 3241 2540 3314 suisa-25
2573 3245 2655 3308 εἰς

302 3349 368 3357 —-
406 3320 593 3373 sitim
639 3319 953 3374 accendit
998 3316 1109 3372 wie
1145 3323 1177 3383 ξ
1216 3325 1245 3372 ’1
1284 3319 1421 3373 deei-
1529 3314 1595 3372 τὸ
1637 3315 1834 3372 ἔπειτα
1870 3317 2042 3385 δίψα,
2079 3334 2123 3370 s.
2160 3315 2309 3371 Einl.
2345 3321 2378 3382 ἓ
2414 3323 2463 3373 9.

300 3390 515 3444 derium
530 3391 775 3444 hwmoris
794 3389 1233 3454 accenswm,eine
1251 3389 1423 3444 nach·
1603 3394 1655 3446 8.
1691 3390 1838 3444 eine
1873 3389 2057 3442 modo
2092 3387 2181 3440 fur
2216 3388 2511 3443 imnwdice.
2580 3387 2654 3444 So

304 3459 603 3514 classische
614 3459 1126 3527 Ansdrucksweise,
1144 3459 1289 3514 doeh
1304 3461 1425 3514 ent—
1530 3460 1678 3515 auch
1725 3458 1860 3514 Sall.
1907 3477 1960 3514 u.
2006 3458 2226 3526 Livius,
2289 3461 2398 3514 bes.
2445 3458 2506 3513 in
2553 3459 2656 3513 der

305 3530 619 3598 sprechend
668 3531 797 3585 dem
843 3531 1182 3586 classisohen
1230 3532 1423 3585 restin—
1531 3530 1758 3586 Formel
1793 3531 1912 3584 eine
1945 3530 2102 3584 modo
2140 3546 2208 3582 ac
2241 3530 2521 3584 modestia.

303 3617 465 3669 quere
546 3602 955 3683 (exstmqnaere)
1038 3603 1204 3656 sitim.
1312 3601 1427 3656 Der
1608 3608 1656 3657 9.
1695 3606 1768 3656 ut
1811 3616 1978 3656 mem.
2024 3601 2330 3656 orabant.
2404 3598 2656 3656 Connex=

305 3670 573 3726 Gedanke
638 3670 744 3726 ist.
806 3672 907 3727 der
968 3671 1425 3742 Waseermangel
1532 3672 1624 3727 die
1667 3670 1928 3726 Freunde
1977 3687 2166 3726 waren
2221 3672 2363 3726 eben
2416 3670 2656 3726 dar-fiber

302 3741 572 3808 bewirkt,
637 3743 784 3796 noch
838 3743 943 3798 ehe
1006 3744 1107 3798 der
1161 3745 1425 3827 natnrge·
1532 3744 1644 3798 den
1677 3741 1866 3812 Konig
1899 3759 1970 3796 zu
2003 3742 2394 3811 beschworen,
2431 3742 2557 3796 dass
2595 3759 2656 3796 er

301 3817 485 3868 masse
513 3811 685 3866 Trieb
712 3831 836 3866 zum
854 3813 1103 3870 Trinken
1132 3813 1254 3869 sich
1280 3814 1424 3884 regt,
1532 3814 1642 3868 den
1668 3813 1832 3866 Muth
1864 3812 2025 3867 nieht
2056 3812 2253 3866 sinken
2288 3813 2492 3881 lassen,
2529 3829 2654 3868 son-

302 3883 477 3938 Durst
544 3881 721 3938 durch
784 3883 893 3939 den
954 3884 1258 3940 trostlosen
1318 3883 1424 3940 Ge·
1532 3883 1671 3939 dem
1715 3883 1993 3939 vielmehr
2041 3883 2142 3938 das
2187 3883 2470 3938 muthlose
2505 3883 2656 3938 Heer

299 3955 551 4021 danken‚
617 3953 809 4009 diesen
862 3955 1021 4012 nicht
1071 3956 1303 4012 loschen
1357 3973 1427 4011 zu
1533 3955 1889 4025 ermuthigen
1925 3955 2090 4024 sollo,
2127 3953 2228 4008 als
2261 3955 2367 4008 etc.

299 3995 587 4081 konnen.
1608 4031 1692 4083 10.
1729 4027 1804 4080 in
1847 4026 2062 4080 eodem
2107 4025 2368 4095 aymine
2408 4024 2461 4078 d.
2499 4023 2554 4080 h.
2593 4026 2656 4080 in

372 4101 421 4149 3.
459 4112 669 4167 vapor
716 4099 1025 4153 accendit
1069 4096 1176 4152 wie
1213 4103 1351 4152 3.5.
1393 4103 1422 4150 1
1532 4113 1638 4166 quo
1672 4113 1774 4151 rex
1809 4102 1943 4151 erat.

302 4167 453 4222 calor
487 4184 641 4223 oram
678 4169 942 4223 accendit.
1608 4173 1692 4223 12.
1752 4167 1936 4221 Tunc
1989 4165 2238 4235 poculo
2293 4167 2399 4221 etc.
2495 4165 2656 4221 Auch

372 4243 421 4290 4.
478 4238 731 4307 species
784 4243 893 4294 cet
988 4239 1141 4295 Ganz
1195 4237 1427 4293 ahnlich
1533 4239 1742 4294 andere
1761 4235 2186 4304 Schriftsteller,
2213 4255 2258 4290 z.
2277 4235 2340 4291 B.
2357 4237 2477 4292 Art.
2497 4241 2546 4292 6.
2567 4244 2658 4306 26,

304 4305 409 4360 wie
444 4310 590 4364 oben
626 4315 678 4365 4.
719 4314 806 4363 27.
1532 4309 1792 4364 erzahlen
1816 4307 1972 4363 dieue
1995 4279 2352 4376 Gesch'ichte,
2381 4308 2518 4364 aber
2545 4308 2655 4364 alle

2684 681 2718 729 4

2686 859 2720 907 ὅ

2689 1748 2720 1796 8

2688 2014 2720 2062 9

2691 2192 2756 2239 10

2692 2459 2755 2507 11

2693 2731 2758 2781 12
