3069 4749
771 127 1280 185 HISTORIARUM
1314 127 1749 184 ALEXANDRI
1783 127 1907 199 VII,
1946 134 1996 184 9.
2038 134 2120 182 10.
2534 128 2625 192 97

257 297 328 361 ei
379 296 604 380 lepore
655 291 833 357 haud
889 313 1044 356 sane
1099 290 1272 357 virili
1324 313 1443 375 par
1505 313 1641 356 non
1696 295 1853 356 erat.
1943 286 2093 374 Ipse
2151 287 2421 355 Cratero
2480 312 2624 356 cum
2664 313 2733 362 20

267 384 516 450 maiore
563 385 752 466 parte
794 381 1111 446 exercitus
1148 379 1420 446 modicis
1465 379 1809 444 itineribus
1847 378 2029 464 sequi
2074 377 2251 444 iusso
2292 377 2626 445 ad·Mara-

269 471 476 538 canda
529 471 757 535 urbem
813 469 1140 554 contendit,
1201 490 1278 533 ex
1336 489 1465 552 qua
1511 466 1917 553 Spitamenes
1965 471 2274 551 conperto
2323 468 2459 532 eius
2518 469 2627 533 ad-

267 564 467 626 ventu
501 558 744 625 Bactra
779 558 1175 644 perfugerat.
1244 555 1475 641 Itaque
1521 556 1878 643 quadriduo
1916 579 2030 621 rex
2070 556 2343 642 longum
2378 557 2629 621 itineris
2667 578 2737 628 21

271 648 558 734 spatium
605 668 904 712 emensus
949 648 1331 731 pervenerat
1375 646 1448 710 in
1485 667 1632 710 eum
1676 645 1921 730 locum,
1967 645 2037 719 in
2083 667 2210 730 quo
2248 645 2630 711 Menedemo

275 738 435 803 duce
483 737 608 802 duo
653 735 840 801 milia
882 735 1173 820 peditum
1211 737 1278 799 et
1323 750 1452 801 ccc
1498 735 1748 819 equites
1797 735 2119 799 amiserat.
2190 732 2445 799 Horum
2482 756 2632 800 ossa

274 826 527 891 tumulo
573 825 833 911 contegi
878 823 1072 890 iussit
1117 828 1184 889 et
1227 823 1494 889 inferias
1544 845 1722 888 more
1766 823 1981 907 patrio
2028 820 2224 888 dedit.
2295 821 2437 888 Iam
2476 821 2628 888 Ora·
2665 845 2735 894 22

276 919 456 979 terus
495 935 641 979 cum
677 913 1001 998 phalange
1043 912 1352 998 subsequi
1395 913 1611 977 iussus
1651 911 1732 976 ad
1769 933 1992 996 regem
2037 915 2438 995 pervenerat.
2498 911 2634 977 Ita·

277 1025 402 1088 que
445 1005 522 1066 ut
557 1023 809 1085 omnes,
855 1003 966 1087 qui
1012 1000 1406 1080 defecerant,
1451 1001 1701 1084 pariter
1746 1000 1907 1065 belli
1944 999 2127 1066 clade
2171 1003 2635 1086 premerentur,

279 1091 500 1176 copias
548 1091 780 1158 dividit
822 1090 1054 1175 urique
1101 1110 1294 1175 agros
1343 1093 1409 1154 et
1454 1089 1733 1154 interfici
1784 1090 2061 1173 puberes
2108 1089 2311 1155 iubet.

1315 1245 1475 1314 Off.
1521 1247 1601 1312 X.

165 1327 304 1426 39*

462 1354 788 1442 Sogdiana
839 1354 1022 1440 regio
1079 1355 1324 1419 maiore
1382 1371 1459 1419 ex
1510 1358 1697 1439 parte
1753 1354 2011 1419 deserta
2071 1356 2194 1419 est:
2255 1355 2632 1440 octingenta
2680 1377 2709 1424 1

281 1446 417 1512 fere
475 1445 686 1511 stadia
749 1444 820 1509 in
871 1443 1288 1509 latitudinem
1343 1446 1565 1508 vastae
1613 1442 1997 1509 solitudines
2051 1446 2297 1508 tenent.
2386 1443 2630 1528 Ingens
2679 1465 2713 1513 2

283 1533 572 1618 spatium
617 1537 834 1598 rectae
879 1532 1166 1618 regionis
1213 1535 1338 1617 est,
1385 1553 1499 1615 per
1545 1553 1741 1617 quam
1788 1532 1997 1596 amnis
2044 1567 2121 1578 —
2162 1530 2635 1616 Polytimetum

283 1625 519 1687 vocant
571 1622 822 1687 incolae
881 1655 960 1668 --
1021 1621 1242 1686 fertur.
1345 1619 1729 1685 Torrentem
1786 1643 1932 1686 eum
1994 1621 2177 1705 ripae
2240 1620 2309 1684 in
2371 1623 2636 1686 tenuem

287 1710 544 1774 alveum
599 1713 865 1795 cogunt,
921 1708 1148 1774 deinde
1205 1730 1480 1774 caverna
1538 1709 1777 1793 accipit
1837 1712 1903 1774 et
1958 1710 2077 1775 sub
2140 1712 2383 1775 terram
2439 1709 2635 1793 rapit.

286 1796 528 1863 Cursus
599 1797 964 1862 obsconditi
1025 1797 1334 1864 indicium
1397 1801 1496 1864 est
1571 1819 1774 1883 aquae
1842 1799 2121 1863 meantis
2190 1819 2413 1883 senne,
2486 1819 2635 1863 cum
2670 1820 2703 1868 3

283 1886 502 1970 ipsum
551 1886 789 1970 solum,
845 1887 964 1952 sub
1013 1908 1140 1971 quo
1187 1891 1409 1952 tantus
1459 1887 1671 1952 amnis
1718 1887 1887 1971 fluit,
1940 1909 2023 1951 ne
2068 1885 2323 1952 modico
2373 1886 2634 1972 quidem

285 1975 547 2039 resudet
588 1974 880 2040 humore.
951 1973 1054 2040 Ex
1099 1975 1376 2059 captivis
1414 1973 1894 2060 Sogdianorum
1940 1974 2022 2041 ad
2067 1996 2289 2060 regem
2329 1993 2477 2041 xxx
2520 1997 2634 2040 no·
2671 1997 2709 2046 4

285 2062 596 2128 bilissimi
651 2085 992 2147 corporum
1047 2064 1280 2129 robore
1337 2065 1573 2129 eximio
1629 2065 1921 2148 perducti
1968 2068 2180 2130 erant:
2242 2065 2353 2150 qui
2398 2075 2467 2130 ut
2523 2085 2639 2149 per

282 2153 706 2236 interpretem
743 2155 1190 2237 cognoverunt
1233 2153 1414 2218 iussu
1450 2153 1623 2238 regis
1669 2153 1847 2237 ipsos
1886 2154 1966 2219 ad
2005 2153 2397 2238 supplicium
2442 2153 2639 2238 trahi,

283 2262 548 2306 carmen
593 2241 981 2307 laetantium
1026 2241 1219 2308 modo
1268 2263 1495 2307 canere
1540 2242 1971 2328 tripudiisque
2020 2246 2085 2308 et
2120 2242 2452 2308 lasciviori
2498 2263 2637 2307 cor-

281 2330 462 2415 poris
507 2334 692 2396 motu
737 2331 1046 2417 gaudium
1091 2329 1416 2416 quoddam
1461 2331 1665 2398 animi
1705 2335 2032 2399 ostentare
2069 2336 2437 2417 coeperunt.
2506 2331 2634 2397 Ad·
2675 2351 2709 2401 5

284 2419 559 2484 miratus
608 2422 762 2501 [est]
810 2443 948 2504 rex,
1000 2424 1192 2487 tanta
1237 2420 1688 2507 magnitudine
1744 2422 1945 2487 animi
1992 2424 2296 2506 oppetere
2348 2424 2628 2487 mortem

283 2644 502 2699 Wuchs
537 2646 654 2700 und
688 2647 1104 2716 imponirender
1138 2646 1408 2703 Aeusser-

284 2715 529 2771 lichkeit
573 2733 614 2769 s.
655 2722 705 2772 3.
747 2722 830 2771 12.
872 2722 954 2771 16.
999 2748 1061 2757 -
1103 2734 1234 2785 par
1277 2733 1412 2773 ‘non

286 2790 450 2841 erat.
505 2786 890 2845 Natfirlieher:
920 2788 989 2841 ab
1018 2802 1077 2843 eo
1109 2788 1408 2855 differebat.

288 2860 346 2915 S.
386 2858 496 2913 den
531 2856 662 2911 krit.
702 2856 959 2927 Anhang.

361 2953 448 3001 20.
469 2948 556 3002 ad
573 2946 1032 3013 Maracanda,
1049 2946 1196 3002 nach
1210 2946 1416 3003 Arrian

286 3018 350 3073 in
385 3017 562 3087 Folge
601 3017 701 3071 der
731 3016 1045 3071 Nachricht
1079 3034 1190 3073 von
1226 3018 1326 3073 der
1364 3024 1410 3073 7.

289 3094 506 3144 31-39
537 3086 890 3143 berichteten
917 3086 1294 3159 Bedrfingniss
1322 3089 1420 3144 des

285 3159 665 3215 Menedemus.
725 3190 790 3199 --
846 3158 904 3212 B
922 3177 958 3214 a
977 3175 1005 3214 c
1021 3164 1046 3213 t
1062 3177 1094 3214 r
1113 3178 1164 3215 a.
1255 3160 1420 3216 Nach

282 3230 493 3285 Arrian
553 3230 764 3286 entfioh
811 3229 1166 3300 Spitamenes
1223 3229 1304 3293 εἰς
1347 3227 1419 3285 τὰ

288 3302 548 3375 βασίλεια
603 3302 705 3371 τῆς
759 3302 1085 3370 Σογδιανῆς
1139 3301 1255 3357 und
1308 3318 1420 3357 von

289 3374 366 3427 da
391 3373 538 3428 nach
566 3373 666 3427 der
693 3372 870 3441 scyth.
900 3373 1119 3428 Wfiste.
1179 3370 1418 3427 Alexan—

287 3444 420 3511 der,
456 3443 646 3497 indem
684 3460 746 3497 er
781 3442 882 3497 ihn
919 3442 1091 3498 dahin
1123 3442 1418 3513 verfolgte,

332 3513 532 3568 assirte
562 3513 727 3567 dabei
760 3513 859 3569 das
890 3514 1292 3582 Schlachtfeld‚
1323 3512 1426 3569 auf

334 3600 426 3639 em
453 3583 812 3638 Menedemus
845 3585 937 3639 die
965 3586 1252 3641 erwahnte
1279 3586 1418 3640 Nie-

289 3653 528 3723 derlage
575 3654 802 3709 erlitten
847 3656 1022 3711 hatte.
1105 3656 1140 3711 J
1143 3655 1417 3712 edenfalls

289 3724 448 3779 kann
511 3724 612 3777 das
674 3724 798 3779 hier
861 3728 1147 3783 erwahnte
1209 3726 1418 3783 Bactra

287 3795 454 3849 nicht
497 3794 780 3849 identisch
826 3798 945 3852 sein
979 3799 1086 3853 mit
1122 3798 1222 3854 der
1257 3805 1307 3855 4.
1348 3804 1411 3853 31

288 3885 344 3920 u.
395 3882 498 3921 aw.
544 3864 870 3921 erwahnten
913 3868 1262 3939 Hauptstadt
1304 3886 1418 3925 von

289 3936 610 3991 Bactriana.
642 3936 947 3992 Vielleicht
964 3939 1040 3995 ist
1053 3940 1101 3993 Τ
1112 3940 1170 3993 ri
1180 3942 1216 3995 b
1229 3958 1264 3995 a
1274 3957 1304 3995 c
1313 3944 1376 3995 tr
1385 3958 1421 3995 a

293 4026 363 4061 zu
396 4008 582 4075 lesen3
636 4006 976 4077 wenigstens
1021 4011 1197 4064 nennt
1232 4012 1417 4067 Ptole-

292 4082 454 4133 maus
492 4078 616 4134 eine
655 4078 820 4133 stadt
857 4080 1034 4135 dieses
1071 4082 1318 4137 Namens
1359 4083 1418 4136 in

295 4148 396 4201 der
405 4150 570 4204 Nahe
589 4150 687 4205 des
701 4150 1032 4206 ArabSee's.
1047 4182 1112 4191 -—-
1123 4154 1148 4205 i
1156 4154 1240 4219 ns
1239 4154 1340 4208 eri
1348 4169 1420 4208 as

296 4218 480 4273 dedit
526 4220 632 4275 wie
683 4227 762 4277 10.
816 4228 861 4277 1.
911 4228 1007 4287 3ος
1055 4222 1155 4277 Ov.
1202 4222 1328 4277 fast.
1369 4228 1416 4280 5.

293 4292 430 4354 4223
467 4289 617 4347 Suet.
657 4290 772 4347 Cal.
813 4300 846 4347 3
884 4310 938 4349 11.
978 4298 1028 4351 ὃ.

407 4386 601 4441 vocnt,
627 4390 678 4439 Q.
708 4390 907 4433 curtius.
935 4392 1000 4433 11.

1964 2648 2090 2703 cst.
2130 2647 2195 2702 X.

1594 2742 1639 2791 1.
1690 2736 2041 2806 Sogdiana
2093 2739 2293 2809 re9i0.
2376 2738 2507 2807 Vgl.
2557 2739 2649 2793 die

1517 2806 1938 2877 Beschreibung
1974 2806 2067 2861 bei
2103 2808 2225 2865 Arr.
2264 2814 2315 2865 4.
2356 2815 2405 2865 6.
2443 2814 2603 2865 6-7.

1593 2884 1641 2933 2.
1662 2882 1881 2933 rectae
1906 2878 2323 2948 removi-estu
2350 2879 2651 2949 gerader

1519 2948 1901 3018 Richtung‚
1977 2948 2094 3004 der
2164 2950 2398 3021 Lange
2470 2952 2647 3005 nach

1529 3020 1664 3087 (von
1679 3018 1913 3074 Westen
1939 3020 2086 3074 nach
2117 3019 2339 3091 Oeten),
2367 3022 2473 3076 wie
2502 3027 2652 3077 recta

1525 3092 1744 3159 reqione
1782 3097 1830 3144 ’1.
1869 3097 1929 3157 43
1968 3096 2019 3146 8.
2058 3096 2107 3146 9.
2148 3097 2195 3146 2.
2268 3094 2357 3147 An
2391 3093 2655 3147 letzterer

1529 3159 1703 3215 Stelle
1729 3161 1912 3215 bildet
1936 3166 2085 3217 recta
2109 3165 2259 3233 reqio
2286 3164 2379 3233 (=
2396 3164 2654 3235 Langen-

1524 3230 1815 3301 richtung)
1853 3232 2020 3287 einen
2056 3232 2367 3305 Gegensatz
2411 3254 2478 3291 zu
2529 3237 2655 3291 lati-

1526 3304 1685 3369 tudo,
1736 3302 1899 3357 nicht
1934 3320 1996 3359 so
2031 3304 2173 3359 hier.
2247 3305 2367 3362 Auf
2398 3306 2489 3361 die
2528 3324 2654 3361 aus-

1526 3373 1807 3442 gedehnte
1856 3373 2065 3445 Steppe
2109 3375 2189 3430 im
2235 3377 2468 3433 Westen
2514 3378 2655 3449 Sog-

1527 3444 1742 3499 diana’s
1823 3444 2004 3515 folgte
2088 3447 2186 3503 der
2264 3448 2650 3519 langgezogne

1525 3514 1851 3570 fruchtbare
1872 3514 2115 3573 Streifen
2136 3536 2203 3572 zu
2233 3520 2437 3574 beiden
2460 3521 2651 3575 Seiten

1527 3586 1627 3640 des
1664 3587 1903 3642 Flusses.
1941 3618 2007 3627 ——
2044 3590 2336 3657 incolae,
2372 3591 2424 3645 d.
2461 3591 2519 3645 h.
2558 3591 2649 3645 die

1527 3658 1789 3727 sp‘ateren
1822 3656 2648 3728 griechisch-macedonischen

1525 3727 1822 3782 Ansiedler
1875 3729 1935 3783 in
1982 3730 2154 3800 jenen
2206 3732 2527 3803 Gegenden.
2578 3764 2646 3773 --

1524 3800 1643 3854 sub
1708 3804 1958 3855 terram
2019 3803 2209 3871 rapit
2267 3829 2336 3850 =
2398 3802 2479 3867 εἰς
2548 3803 2654 3872 τὴν

1523 3865 1763 3939 ψάμμον
1810 3866 2151 3940 ἀφανίζεται
2195 3874 2289 3929 bei
2341 3876 2463 3930 Arr.
2537 3874 2654 3930 Der

1527 3940 1901 4010 Polytimetus
1941 3945 2031 4012 (=
2067 3944 2291 3999 Kohik
2332 3945 2466 4001 oder
2502 3946 2654 4001 Ser-

1528 4013 1847 4080 afschcin)
1882 4014 1985 4068 hat
2022 4015 2447 4085 verschiedene,
2486 4016 2653 4071 ziem-

1525 4082 1644 4136 lich
1672 4084 1943 4153 parallele
1965 4085 2132 4140 Arme
2149 4128 2162 4153 ,
2191 4103 2303 4141 von
2329 4087 2511 4142 denen
2536 4089 2651 4141 ein-

1525 4154 1681 4209 zelne
1710 4154 1830 4209 sich
1865 4154 1945 4210 im
1976 4156 2129 4211 Sand
2154 4158 2461 4225 vet-lanfran,
2500 4159 2655 4213 einer

1527 4224 1649 4278 sich
1690 4224 1751 4279 in
1793 4226 1901 4279 den
1948 4226 2053 4282 See
2098 4228 2352 4283 Karakul
2398 4230 2653 4299 ergiesst.

1597 4301 1647 4349 4.
1688 4312 1763 4350 ex
1804 4298 2097 4365 captivis
2134 4302 2237 4355 etc.
2315 4301 2473 4355 Auch
2510 4299 2651 4357 Dio-

2194 4395 2223 4442 7
