3069 4749
311 268 378 316 19

310 1065 377 1112 22
413 1045 621 1129 piunt.

307 1686 377 1823 ἓξ
413 1752 709 1836 credunt,
767 1751 1090 1834 sapientia
1134 1750 1408 1816 excellet
1451 1750 1768 1834 bonisque
1813 1750 2105 1815 moribus
2149 1749 2417 1834 regitur.
2498 1750 2772 1818 Genitos

421 85 548 150 168

1323 83 1386 150 Q.
1427 83 1650 138 11111111
1686 82 1861 138 num

593 245 963 312 Alexander
1009 244 1092 310 ad
1136 245 1521 310 vastandam
1569 265 1715 310 eam
1759 245 2093 330 regionem
2130 245 2437 311 Perdicca
2472 268 2619 312 cum
2664 269 2777 312 ex·
2798 251 2851 313 4

412 336 634 420 pedita
695 357 892 400 manu
945 333 1148 399 missa
1199 338 1455 417 partem
1509 334 1841 416 copiarum
1895 333 2175 398 Eumeni
2228 335 2527 420 tradidit,
2582 341 2659 401 ut
2711 339 2777 403 is

417 445 670 509 quoque
733 423 1050 488 barbaros
1106 421 1188 487 ad
1253 421 1644 486 deditionem
1700 422 2119 506 conpelleret:
2184 423 2325 507 ipse
2380 428 2629 490 ceteros
2686 427 2777 490 ad

413 514 642 578 urbem
687 511 968 577 validam
982 561 997 590 ‚
1047 512 1117 575 in
1161 533 1356 595 quam
1403 510 1682 575 aliarum
1729 531 1985 595 quoque
2030 511 2462 597 confugerant
2500 513 2777 598 incolae,

309 623 377 672 2ο
413 602 616 666 duxit.
687 599 1012 684 Oppidani
1047 598 1295 683 missis,
1331 599 1446 683 qui
1480 618 1704 684 regem
1742 599 2266 683 deprecarentur,
2306 601 2512 667 nihilo
2550 603 2773 668 minus

413 691 662 755 bellum
716 688 1058 773 parabant.
1149 688 1404 772 Quippe
1451 691 1599 753 orta
1650 687 1887 754 seditio
1930 687 2002 752 in
2056 688 2315 754 diversa
2356 689 2631 755 consilia
2674 691 2777 756 di·
2844 739 2851 744 .

418 779 692 844 duxerat
736 777 1032 862 vulgum:
1079 777 1201 842 alii
1247 776 1468 842 omnia
1513 775 1839 841 deditione
1882 777 2167 859 potiora,-
2212 777 2477 860 quidam
2520 779 2775 844 nullam

310 889 375 935 21
417 889 605 951 opem
643 867 716 931 in
757 867 920 950 ipsis
965 887 1106 930 esse
1151 865 1489 931 ducebant.
1564 863 1690 930 Sed
1734 864 1887 929 dum
1921 865 2092 930 nihil
2133 866 2201 930 10
2238 886 2579 932 commune
2620 889 2775 933 con-

416 956 676 1039 sulitur,
731 955 842 1039 qui
885 953 1199 1020 deditioni
1253 954 1688 1035 inminebant,
1744 954 1988 1037 apertis
2042 954 2251 1036 portis
2308 954 2566 1020 hostem
2609 957 2777 1021 reci-

731 1041 1099 1108 Alexander
1167 1064 1563 1127 quamquam
1635 1042 1795 1106 belli
1858 1043 2230 1107 auctoribus
2302 1043 2443 1108 iure
2510 1049 2777 1127 poterat

416 1133 642 1214 irasci,
702 1135 926 1196 tamen
989 1131 1292 1196 omnibus
1354 1132 1551 1196 venia
1609 1131 1765 1196 data
1819 1134 1887 1195 et
1937 1131 2273 1196 obsidibus
2337 1133 2621 1216 acceptis
2686 1135 2775 1198 ad

417 1221 784 1304 proximam
849 1219 1078 1284 deinde
1140 1221 1370 1284 urbem
1435 1221 1651 1284 castra
1708 1219 1937 1284 movit.
2035 1218 2305 1284 Obsides
2372 1220 2779 1286 ducebantur

311 1331 380 1380 23
421 1313 571 1374 ante
619 1328 873 1394 agmen.
955 1308 1134 1384 Quos
1181 1330 1327 1374 cum
1375 1329 1454 1372 ex
1497 1308 1703 1372 muris
1748 1306 2235 1392 adgnovissent,
2280 1313 2508 1392 utpote
2553 1313 2777 1396 gentis

421 1397 732 1481 eiusdem,
779 1398 849 1461 in
894 1396 1310 1482 conloquium
1357 1400 1889 1461 convocaverunt.
1979 1395 2089 1460 Illi
2134 1397 2547 1462 clementiam
2596 1401 2775 1484 regis

419 1487 742 1570 simulque
808 1486 942 1550 vim
999 1485 1569 1551 commemorando
1624 1484 1704 1548 ad
1770 1483 2161 1549 deditionem
2226 1506 2336 1549 eos
2400 1486 2775 1569 conpulere:

419 1581 796 1659 ceterasque
840 1575 1036 1640 urbes
1082 1574 1283 1638 simili
1329 1573 1522 1639 modo
1570 1573 1849 1638 domitas
1896 1573 1965 1637 in
2008 1572 2205 1638 fidem
2250 1575 2517 1656 accepit.

589 1663 764 1728 Hinc
797 1663 868 1726 10
902 1683 1172 1748 regnum
1213 1661 1506 1745 Sopithis
1544 1665 1923 1745 perventum
1964 1665 2080 1726 est.
2152 1660 2356 1746 Gens,
2398 1667 2471 1727 ut
2508 1663 2773 1728 barbari
2794 1663 2840 1727 5

411 1841 652 1906 liberos
715 1862 846 1905 non
903 1843 1248 1924 parentum
1308 1839 1582 1904 arbitrio
1647 1838 1889 1902 tollunt
1946 1839 2287 1923 alantque,
2350 1839 2463 1904 sed
2528 1861 2772 1925 eorum,

415 1930 650 2015 quibus
689 1929 1028 2013 spectandi
1063 1926 1387 1992 infantum
1429 1926 1727 1993 habitum
1764 1947 1919 1992 cura
1954 1927 2263 1992 mandata
2298 1933 2413 1992 est.
2488 1923 2558 1992 Si
2605 1951 2771 2013 quos

411 2019 704 2102 insignes
733 2022 848 2083 aut
877 2017 1092 2101 aliqua
1125 2020 1312 2100 parte
1342 2016 1785 2082 membrorum
1812 2015 2079 2081 inutiles
2105 2019 2515 2095 notaverunt,
2551 2019 2773 2082 necari

412 2265 741 2334 Untergang
786 2262 885 2317 der
923 2261 1092 2316 Stadt
1137 2261 1366 2316 hier-mit
1413 2262 1537 2314 ent·

412 2335 694 2401 schieden‚
713 2331 1154 2389 unvermeidlich
1175 2330 1272 2385 001.
1311 2330 1534 2386 Zweck·

411 2406 687 2475 100001301-
731 2403 962 2458 wu'irden
1007 2401 1098 2456 die
1145 2402 1340 2456 Worte
1388 2402 1537 2456 nach

411 2482 766 2531 transnavere
824 2474 1040 2527 stehen.
1131 2472 1244 2525 Der
1298 2471 1537 2526 Schrift-

413 2546 606 2600 steller
651 2544 806 2598 zieht
856 2543 982 2597 hier
1027 2542 1157 2597 sehr
1205 2541 1292 2596 ins
1337 2541 1537 2611 Kane,

411 2634 528 2672 was
580 2614 784 2670 Arrian
836 2618 888 2670 4.
945 2619 1158 2669 22—24
1221 2612 1270 2667 e'
1386 2612 1539 2667 hend

409 2686 713 2754 berichtet;
751 2686 934 2741 dieser
970 2684 1192 2740 erz'ahlt
1225 2703 1271 2739 z.
1355 2726 1368 2738 .
1406 2684 1539 2738 dass

414 2762 607 2825 17‚000
644 2756 981 2811 Einwohner
1015 2755 1300 2827 getodtet,
1344 2760 1539 2822 70,000

410 2829 692 2899 gefangen
706 2844 1044 2898 genommen
1056 2827 1302 2881 wurden.
1328 2824 1537 2881 001101·-

410 2900 594 2969 haupt
627 2900 704 2954 ist
731 2899 830 2954 der
856 2896 1087 2953 Berieht
1113 2898 1212 2953 des
1241 2896 1300 2951 0.
1333 2897 1393 2951 in
1419 2896 1537 2952 die·

411 2988 510 3025 sen
531 2970 792 3041 Capiteln
819 2968 1066 3025 vielfach
1093 2966 1533 3037 unvollstandig.

485 3048 570 3097 19.
625 3041 939 3107 Eumeni,
1001 3040 1210 3095 seinem
1275 3038 1549 3093 Geheim-.

412 3112 697 3167 schreiber
743 3106 1296 3182 (ἀρχιγραμματεύς).
1371 3110 1425 3163 N
1427 3110 1534 3164 ach

409 3185 534 3239 Arr.
553 3184 712 3238 hatte
733 3182 916 3237 dieser
943 3183 1034 3237 die
1055 3180 1328 3251 Aufgabe‚
1350 3180 1537 3250 einige

411 3254 516 3308 mit
553 3252 802 3323 Sangala
847 3253 1192 3308 verbundete
1231 3251 1432 3307 Stadto
1467 3262 1541 3305 zu·

411 3324 725 3393 zuchfigen.
792 3354 860 3364 —
919 3326 1144 3379 urbem
1203 3324 1536 3387 validam,-

411 3394 556 3451 auch
615 3394 778 3449 Diod.
835 3400 920 3449 1¹7.
977 3401 1064 3450 91.
1117 3400 1153 3447 4
1214 3396 1393 3449 neunt
1455 3394 1537 3447 sie

410 3466 599 3533 nicht3
663 3465 867 3519 Arrian
926 3466 1210 3519 berichtet
1259 3480 1373 3520 von
1437 3463 1539 3517 der

412 3552 626 3607 ganzen
667 3534 846 3591 Sache
874 3535 1082 3591 nichts.

484 3613 568 3662 20.
591 3608 875 3677 vulyum.
919 3606 1090 3661 ¹.'Diese
1109 3604 1339 3661 mascul.
1359 3606 1537 3659 Accu-

413 3677 707 3734 sativform
769 3677 957 3732 haben
1025 3676 1330 3732 vereinzelt
1391 3676 1539 3729 auch

413 3747 584 3817 0000,
608 3748 744 3804 Sall.
773 3768 828 3805 u.
851 3748 1054 3818 Nepos.
1072 3776 1138 3789 --
1159 3748 1539 3803 diduxerat

410 3820 502 3874 fiir
535 3822 800 3875 diviserat
811 3840 832 3885 ;
877 3818 1187 3873 nachclass.
1234 3816 1537 3873 Prosaiker

409 3890 698 3947 brauehen
717 3892 818 3945 das
837 3890 1004 3945 Womt
1029 3889 1222 3960 haufig
1243 3888 1305 3944 in
1322 3889 1536 3943 diesem

414 3962 586 4017 8111110
621 3964 713 4031 (=
751 3960 1081 4031 spalten),
1123 3961 1214 4015 die
1255 3958 1537 4014 Classiker

314 4030 318 4035 ’
410 4032 518 4087 mit
544 4032 899 4087 verwandter
915 4032 1250 4101 Bedeutung
1277 4030 1360 4085 als
1387 4028 1532 4083 mili-

411 4102 694 4157 tarischen
728 4104 770 4158 t.
807 4104 850 4159 t.

484 4178 570 4226 21.
619 4175 692 4228 in
727 4186 1056 4228 commum-e
1097 4191 1140 4227 s.
1179 4177 1228 4226 5.
1261 4177 1310 4226 9.
1346 4177 1426 4225 14.
1465 4200 1539 4211 -

415 4240 836 4298 inminebant
871 4260 914 4301 s.
949 4250 1002 4299 8.
1038 4250 1094 4299 8.
1132 4250 1182 4298 3.

307 2131 374 2181 26
412 2107 657 2174 iubent.
744 2106 1008 2189 Nuptiis
1074 2109 1311 2170 coeunt
1360 2126 1495 2170 non
1560 2125 1795 2190 genere
1860 2125 1937 2168 ac
1990 2105 2336 2170 nobilitate
2393 2106 2775 2191 coniunctis,

1696 2265 1800 2342 ⁸23.
1840 2277 1917 2314 ex
1951 2261 2161 2314 muris
2196 2261 2309 2385 vgl.
2340 2257 2399 2315 οἱ
2429 2245 2493 2316 ἔτι
2520 2263 2633 2316 τῶν
2659 2281 2771 2317 τει-

1642 2329 1997 2469 ἔῗῖἶαῑῖἕέ,
2024 2331 2181 2485 ⁸23⁰}
2223 2349 2325 2457 12¹?
2326 2331 2443 2469 1’22ἓς
2488 2339 2550 2458 ἓ
2582 2333 2647 2459 sis
2673 2365 2772 2472 11}

1644 2476 1695 2526 8.
1737 2477 1817 2526 10.
1858 2476 1944 2525 25.
1984 2502 2051 2511 —-
2098 2488 2242 2526 vem.
2315 2474 2536 2531 Ebenso
2578 2476 2661 2530 vie
2697 2501 2769 2521 ===

1636 2543 1890 2667 {gurgtga
1924 2542 2131 2611 (neben
2163 2544 2328 2611 vires)
2378 2544 2487 2601 010.
2532 2564 2587 2615 p.
2622 2546 2767 2602 Mur.

1717 2688 1804 2739 24.
1843 2682 2153 2753 Sopithis
2198 2710 2267 2733 a
2314 2688 2628 2741 mesfflov
2671 2688 2767 2743 bei

1644 2753 1767 2809 Arr.
1826 2753 1959 2809 Scin
1985 2754 2163 2811 Reich
2198 2756 2297 2827 lag
2322 2758 2473 2811 wohl
2507 2757 2765 2812 0011111011
2841 2797 2844 2798 ⁷

1643 2841 1757 2881 von
1791 2825 1901 2879 den
1938 2825 2173 2881 Cathaei
2210 2827 2327 2881 und
2362 2826 2673 2883 Adraestae
2707 2828 2769 2883 in

1644 2896 1755 2951 den
1782 2895 2241 2966 Quellgegenden
2268 2897 2367 2953 des
2396 2898 2673 2967 Hyarotis.
2698 2930 2769 2941 —

1646 2968 1937 3022 excellet.
1992 2966 2100 3021 Die
2126 2968 2389 3022 Existenz
2418 2969 2519 3022 der
2545 2970 2768 3025 Neben-

1642 3036 1790 3093 form
1834 3037 2059 3091 excelleo
2104 3056 2172 3091 zu
2218 3040 2416 3093 excello
2465 3039 2543 3093 ist
2591 3040 2773 3095 durch

1644 3109 1761 3163 alte
1824 3106 2243 3163 Grammatiker
2301 3109 2601 3177 gentigend
2669 3110 2769 3166 be-

1644 3180 1825 3248 zeugt.
1893 3210 1959 3217 —
2021 3179 2325 3247 reguum
2394 3180 2508 3247 vgl.
2573 3176 2779 3243 πόλεις

1644 3244 2069 3376 aare&
2093 3242 2403 3375 10011
2440 3243 2771 3377 gama

1644 3392 1737 3446 bei
1798 3391 1973 3446 ihnen
2034 3408 2137 3461 gar
2192 3390 2355 3445 nicht
2414 3391 2777 3447 bestimmten·

1646 3462 1881 3517 Gesetze
1917 3462 2033 3515 und
2069 3462 2505 3531 Zwangsmittel.

1717 3538 1803 3587 25.
1840 3534 2107 3587 tollunt.
2181 3532 2289 3586 Ein
2323 3534 2367 3587 t.
2404 3534 2447 3586 t.
2484 3532 2583 3587 des
2624 3538 2764 3589 rom.

1642 3602 2048 3658 Privatlebens.
2103 3602 2471 3657 Natfirlicher
2495 3608 2645 3659 ware
2672 3604 2771 3659 die

1642 3672 1867 3743 passive
1910 3670 2315 3729 Construktion
2362 3676 2523 3729 liberi
2566 3676 2764 3730 tollam·

1642 3750 1751 3801 των.
1802 3774 1868 3785 --
1916 3745 2248 3815 ἰηεὶρηεε,
2302 3745 2427 3799 hier
2470 3744 2551 3799 im
2594 3744 2769 3801 ublen

1646 3814 1817 3871 81000
1870 3840 1941 3861 ===
1997 3814 2173 3869 durch
2226 3815 2426 3885 irgend
2487 3816 2581 3871 ein
2632 3816 2767 3883 Mal,

1644 3885 1808 3941 einen
1833 3885 2040 3940 Fehler
2073 3884 2485 3943 auffallend.
2540 3886 2615 3942 So
2641 3904 2687 3941 z.
2702 3884 2762 3941 B.

1644 3958 1790 4012 auch
1847 3954 1957 4010 Cic.
2014 3956 2087 4010 de
2140 3972 2217 4013 or.
2274 3963 2325 4011 2.
2382 3962 2467 4012 90.
2550 3956 2769 4011 Anders

1642 4030 1819 4083 unten
1853 4032 1884 4093 ξ
1920 4032 1992 4081 30
2024 4046 2079 4082 u.
2117 4044 2222 4085 aw.
2800 4046 2811 4051 ·

1716 4105 1802 4153 26.
1840 4100 2111 4166 nuptiis
2145 4097 2254 4153 wie
2291 4099 2527 4155 conubio
2553 4104 2602 4153 8.
2637 4104 2683 4153 1.
2713 4103 2765 4166 9,

1644 4174 1839 4238 stupro
1865 4170 2011 4225 coire
2036 4175 2087 4225 ὅ.
2120 4176 2167 4223 1.
2196 4176 2280 4224 37.
2342 4168 2471 4240 Vgl.
2498 4167 2765 4239 ubrigens

1644 4240 1878 4309 nuptiae
1910 4242 2127 4297 sceleris
2160 4242 2411 4295 societate
2446 4240 2768 4296 coniunctae
