3069 4749
850 204 1348 255 HISTORIABUM
1382 202 1806 255 ALEXANDRI
1837 192 1941 269 111,
1978 206 2028 257 5.
2068 207 2116 257 6.
2579 200 2670 267 85

320 364 600 449 pecunia
643 364 1032 429 sollicitaret
1066 363 1296 429 hostis.

1389 362 1642 448 Quippe
1678 362 1931 429 Dareus
1972 363 2151 428 mille
2188 363 2443 429 talenta
2476 365 2672 430 inter·
2710 379 2779 431 16

322 453 553 518 fectori
597 452 956 518 Alexandri
999 453 1301 519 daturum
1349 474 1421 517 se
1465 453 1874 537 pronuntiari
1927 452 2221 517 iusserat.
2315 452 2544 538 Itaque
2588 476 2673 519 ne

328 564 640 607 ausurum
687 540 945 627 quidem
991 562 1378 627 quemquam
1425 541 1917 607 arbitrabantur
1972 541 2249 625 experiri
2303 542 2673 627 remedium,

330 630 502 716 quod
545 634 815 715 propter
857 632 1216 697 novitatem
1263 634 1488 714 posset
1533 652 1677 695 esse
1722 635 2115 715 suspectum.

1350 788 1513 856 CAP.
1558 788 1674 856 V1.

229 932 309 997 14
504 914 670 981 Erat
713 915 884 980 inter
924 915 1179 981 nobiles
1225 914 1508 980 medicos
1568 936 1647 979 ex
1701 913 2081 981 Macedonia
2134 936 2349 1001 regem
2412 918 2669 981 secutus
2711 928 2738 975 1

327 1004 688 1089 Philippus,
733 1005 994 1069 natione
1032 1004 1354 1086 Acarnan,
1402 1003 1569 1068 fidus
1606 1004 1955 1069 admodum
1990 1004 2161 1089 regi·
2206 1025 2408 1087 puero
2456 1024 2671 1069 comes

329 1098 396 1159 et
433 1097 654 1158 custos
701 1094 929 1158 salutis
967 1093 1153 1158 datus
1187 1114 1324 1157 non
1361 1096 1436 1157 ut
1471 1114 1693 1177 regem
1730 1094 1940 1177 mod0,
1977 1093 2087 1158 sed
2125 1093 2323 1158 etiam
2362 1095 2434 1157 ut
2470 1093 2674 1158 alum·

329 1204 491 1246 num
539 1182 778 1247 eximia
824 1183 1091 1247 caritate
1139 1181 1466 1266 diligebat.
1559 1180 1625 1245 Is
1670 1203 1803 1247 non
1849 1202 2155 1265 praeceps
2203 1203 2298 1265 se,
2358 1182 2468 1247 sed
2516 1186 2675 1247 stre-
2710 1196 2743 1245 2

329 1292 531 1335 nuum
561 1270 917 1335 remedium
949 1270 1198 1336 adferre
1241 1274 1619 1355 tantamque
1646 1270 1781 1335 vim
1819 1270 2033 1336 morbi
2068 1271 2333 1355 potione
2359 1271 2679 1336 medicata

330 1361 696 1425 levaturum
729 1382 868 1425 esse
904 1360 1224 1443 promisit.
1294 1356 1478 1423 Nulli
1503 1360 1897 1443 promissum
1926 1360 2061 1425 eius
2089 1359 2391 1444 placebat
2415 1363 2673 1445 praeter
2709 1373 2761 1446 3·

329 1448 564 1532 ipsum,
603 1450 786 1515 cuius
822 1449 1109 1532 periculo
1146 1446 1591 1532 pollicebatur.
1658 1447 1895 1513 Omnia
1933 1449 2169 1534 quippe
2197 1448 2452 1513 facilius
2482 1470 2677 1534 quam

329 1558 584 1601 moram
638 1538 891 1622 perpeti
935 1540 1220 1621 poterat:
1269 1558 1448 1601 arma
1494 1541 1562 1603 et
1597 1536 1765 1601 acies
1804 1538 1872 1601 in
1910 1537 2113 1602 oculis
2152 1541 2339 1601 erant
2376 1540 2441 1601 et
2477 1538 2683 1625 victo-⁸

331 1626 494 1690 riam
549 1626 619 1690 in
668 1648 744 1691 eo
790 1628 1073 1710 positam
1132 1647 1273 1690 esse
1329 1626 1793 1707 arbitrabatur,
1853 1627 1906 1690 si
1963 1629 2221 1691 tantum
2277 1629 2431 1691 ante
2487 1626 2680 1711 signa

335 1718 508 1779 stare
555 1715 895 1800 potuisset,
939 1715 1008 1780 id
1053 1716 1285 1798 ipsum,
1332 1714 1505 1800 quod
1550 1718 1701 1799 post
1736 1714 1907 1779 diem
1950 1716 2218 1780 tertium
2254 1715 2679 1781 medicamen-

331 1807 472 1867 tum
519 1808 897 1887 sumpturus
941 1806 1118 1868 esset
1150 1840 1226 1850 —
1261 1803 1356 1867 ita
1393 1804 1565 1867 enim
1603 1803 1891 1868 medicus
1928 1805 2337 1887 praedixerat
2362 1839 2450 1849 ——-
2486 1824 2677 1889 aegre

327 1892 560 1957 ferens,
653 1892 834 1957 Inter
876 1892 1038 1958 haec
1085 1914 1126 1957 a
1169 1892 1619 1975 Parmenione,
1656 1892 1971 1957 fidissimo
2008 1896 2527 1977 purpuratorum,
2572 1893 2674 1956 lit·
2712 1906 2749 1955 4

327 1984 503 2046 teras
553 1980 811 2067 accipit,
856 1982 1090 2067 quibus
1129 1982 1189 2045 ei
1232 1980 1681 2064 denuntiabat,
1717 2001 1800 2045 ne
1837 1981 2113 2045 salutem
2152 2002 2336 2045 suam
2372 1979 2677 2065 Philippo

329 2070 790 2135 committeret:
838 2070 1016 2135 mille
1062 2069 1328 2134 talentis
1377 2090 1416 2133 a
1468 2069 1686 2134 Dareo
1734 2073 1800 2134 et
1846 2092 1957 2155 spe
2013 2070 2387 2153 nuptiarum
2436 2070 2676 2133 sororis

329 2158 464 2223 eius
511 2180 650 2225 esse
698 2164 1092 2243 corruptum.

1183 2158 1532 2243 Ingentem
1591 2159 1807 2223 animo
1866 2158 2364 2224 sollicitudinem
2419 2158 2675 2224 litterae
2712 2172 2745 2222 5

327 2247 738 2313 incusserant
783 2253 878 2332 et,
934 2247 1240 2333 quidquid
1295 2248 1364 2311 in
1420 2252 1763 2332 utramque
1818 2251 2071 2331 partem
2127 2250 2241 2313 aut
2292 2250 2505 2312 metus
2562 2250 2677 2312 aut

329 2357 474 2421 spes
519 2337 903 2422 subiecerat,
947 2340 1194 2403 secreta
1239 2336 1693 2402 aestimatione
1739 2336 2075 2422 pensabat.

2148 2336 2405 2402 ‘Bibere
2451 2358 2662 2421 perse·
2706 2352 2739 2402 6

330 2447 564 2506 verem,
602 2430 695 2506 ut,
733 2428 790 2491 si
828 2448 1148 2492 venenum
1189 2427 1410 2490 datum
1448 2425 1662 2511 fuerit,
1699 2448 1780 2490 ne
1818 2428 2142 2492 immerito
2180 2427 2459 2511 quidem,
2495 2427 2673 2511 quid-

327 2514 480 2598 quid
527 2515 854 2598 acciderit,
901 2516 1193 2580 evenisse
1237 2514 1580 2579 videatur?
1672 2514 1989 2580 Damnem
2036 2515 2269 2581 medici
2312 2515 2550 2580 fidem?
2604 2517 2675 2580 in

326 2604 748 2670 tabernaculo
795 2624 952 2688 ergo
1003 2625 1104 2668 me
1151 2603 1434 2698 opprimi
1468 2603 1730 2688 patiar?
1802 2604 1895 2668 At
1930 2605 2131 2668 satius
2169 2608 2271 2668 est
2314 2605 2533 2670 alieno
2570 2623 2673 2669 me
2772 2617 2777 2622 '

399 2819 482 2868 16.
531 2815 720 2887 millje
756 2814 1032 2870 talenta.
1111 2813 1219 2867 Zur
1267 2813 1446 2868 Sache

331 2901 373 2938 s.
412 2889 464 2940 4.
502 2891 549 2938 1.
589 2891 676 2956 12,
717 2891 802 2940 10.
843 2891 928 2940 16.

752 3007 887 3064 Kn.
924 3008 1020 3064 VI.

405 3101 451 3150 1.
491 3113 711 3152 eomes,
752 3096 826 3152 So
863 3101 1115 3168 genennt
1149 3098 1295 3152 auch
1335 3113 1448 3152 von

327 3165 453 3223 Val.
491 3168 638 3224 Max.
667 3175 720 3224 3.
750 3174 798 3223 8.
839 3171 948 3223 ext.
979 3174 1030 3235 6,
1069 3168 1170 3224 der
1205 3166 1298 3223 die
1337 3168 1446 3224 Ge·

325 3237 574 3294 echichte
621 3239 701 3294 im
759 3239 1048 3294 einzelnen
1109 3240 1308 3295 anders
1360 3255 1442 3294 er-

321 3309 498 3374 zahlt3
527 3315 705 3366 eustos
741 3311 942 3365 salutis
960 3327 1003 3365 s.
1022 3329 1074 3365 v.
1094 3327 1145 3366 a.
1166 3309 1439 3367 Leibarzt.

395 3386 446 3434 2.
478 3397 804 3451 praeceps
831 3423 846 3436 .
868 3423 880 3436 .
905 3387 1276 3448 strenuum,
1317 3381 1438 3434 ‘au-

324 3451 766 3520 genblicklich.
865 3451 1082 3522 kraftig
1133 3451 1438 3519 witkend'3

323 3523 436 3590 vgl.
475 3523 626 3578 lenta
676 3524 916 3579 remedia
969 3528 1152 3578 5.13.
1203 3555 1269 3564 --
1317 3523 1437 3577 ad-

321 3593 522 3661 ferre,
559 3595 809 3649 namlich
845 3595 1008 3662 dixit,
1047 3594 1146 3650 das
1174 3611 1276 3650 aus
1303 3609 1436 3662 pro-

321 3664 556 3719 maitzu
577 3666 915 3720 entnehmen
932 3666 1023 3720 ist.
1051 3654 1222 3721 Khnl.
1247 3663 1443 3719 Sti-uk-

321 3736 415 3788 tm·
459 3733 596 3790 Sall.
633 3735 740 3806 Iug
741 3743 880 3793 .62.
917 3743 968 3790 3.
1007 3767 1075 3778 --
1110 3737 1446 3791 medicata

323 3804 442 3931 ἰιῖτι
447 3754 740 3874 calubi-iau,g
770 3808 1036 3863 salutarie
1080 3805 1156 3862 ist
1199 3809 1351 3877 poet.
1387 3825 1442 3864 u.

325 3894 362 3930 n

394 3953 444 4002 3.
482 3953 762 4018 praeter
805 3949 1024 4017 ipsum
1067 3947 1161 4002 fiir
1197 3953 1438 4017 praeter-

322 4034 488 4086 quam
514 4020 650 4087 ipsa
681 4037 744 4075 so
771 4020 946 4074 sehon
976 4019 1070 4074 bei
1089 4019 1441 4084 Klassikern‚

326 4088 468 4144 fiber
501 4090 682 4160 ipsum
720 4091 812 4146 fflr
846 4108 968 4146 ewn
993 4093 1175 4160 ipsam
1202 4109 1242 4145 s.
1271 4090 1332 4146 Ε
1355 4096 1442 4144 23.

327 4161 496 4214 -in
531 4178 600 4216 eo
627 4163 949 4247 posita-m,
975 4165 1063 4229 ei,
1091 4163 1297 4216 ebenso
1323 4160 1442 4215 Liv.

329 4235 411 4285 30.
441 4236 526 4287 23.
559 4238 608 4287 6.
638 4263 706 4274 -
735 4235 810 4289 id
845 4234 916 4302 ip
924 4249 1092 4307 sum,
1121 4232 1243 4287 hier
1269 4231 1443 4286 nahe-

330 4317 400 4354 zu
433 4303 621 4370 gleich
657 4306 742 4358 vel
776 4305 936 4359 illud.
975 4275 1142 4359 Ahixl.
1180 4301 1290 4357 Cic.
1321 4303 1442 4359 Cat.

331 4371 458 4426 mai.
497 4377 588 4441 553
629 4381 713 4431 63.

1625 2819 1675 2867 4.
1714 2829 1751 2866 a
1788 2813 2257 2876 Parmenione,
2304 2827 2405 2866 aus
2440 2811 2670 2882 Kappa-

1556 2882 1756 2938 docien
1792 2881 1945 2952 (lust.
1987 2887 2071 2937 11.
2101 2884 2174 2952 8).
2230 2880 2394 2936 Nach
2422 2883 2669 2937 anderen

1554 2954 1856 3009 Berichten
1888 2954 2093 3008 erhielt
2126 2953 2281 3008 Alex.
2322 2952 2475 3007 diese
2506 2951 2671 3008 War-

1554 3042 1711 3150 mmlg:
1738 3024 1887 3153 gildi?
1884 3025 2020 3150 11ng
2023 3039 2673 3152 yffibli'tZr-dessossgmss

1554 3113 1662 3222 Ξῗιο
1674 3167 1951 3222 beachten
2006 3167 2084 3222 ist
2132 3167 2223 3221 die
2258 3165 2524 3238 Haufung
2568 3168 2671 3222 der

1552 3237 1844 3294 Genetiva.

1622 3314 1670 3364 5.
1724 3310 2136 3373 subiecerat,
2180 3308 2685 3396 gewissermassen

1548 3379 1723 3435 Aktiv
1760 3398 1829 3434 zu
1863 3383 2048 3436 subire
2085 3382 2287 3450 (2.19)
2335 3379 2441 3434 wie
2477 3375 2672 3436 ὑποτι-

1545 3449 1726 3506 θέναι
1762 3469 1831 3505 zu
1866 3447 2239 3521 ὑπέρχεσθαι.
2294 3450 2517 3507 Ebenso
2545 3451 2673 3508 Liv.

1547 3527 1593 3576 3.
1632 3527 1717 3576 48.
1756 3527 1789 3576 8
1835 3539 1975 3592 quae
2017 3525 2083 3577 in
2126 3523 2233 3578 tali
2274 3539 2335 3578 re
2382 3524 2671 3580 muliebris

1551 3594 1711 3648 dolor
1745 3594 1961 3650 subicit.

1597 3670 1674 3718 ’6.
1706 3665 1929 3718 bibere
1956 3681 2399 3733 perseverem,
2430 3665 2561 3720 ‘soll
2578 3666 2674 3720 ich

1554 3733 1722 3788 dabei
1768 3734 1843 3803 (d.
1880 3733 1935 3790 h.
1972 3735 2068 3790 bei
2112 3736 2242 3790 dem
2287 3734 2669 3806 Entschlusse)

1551 3805 1825 3861 beharren
1862 3825 1931 3860 zu
1956 3806 2242 3862 trinken?
2322 3807 2397 3862 Es
2432 3807 2511 3860 ist
2547 3807 2670 3862 also

1552 3876 1643 3930 ein
1680 3877 1895 3946 Begriff
1927 3877 2033 3932 wie
2069 3880 2201 3934 velle
2227 3898 2297 3933 zu
2323 3870 2667 3948 supplici-en,

1552 3947 2101 4004 3111118822-
2140 3951 2449 4005 damnem.
2521 3917 2671 4002 Uber

1552 4018 1651 4072 das
1705 4019 1869 4074 Wort
1920 4037 1961 4074 s.
2004 4021 2063 4077 E.
2119 4025 2169 4075 5.
2228 4051 2293 4061 --
2353 4020 2668 4088 opprimi,

1554 4089 1802 4145 namlich
1852 4091 2028 4144 durch
2074 4091 2165 4146 die
2210 4087 2547 4155 Krankheit3
2604 4092 2671 4145 in

1552 4161 1909 4218 tdbernaeulo
1944 4161 2023 4215 ist
2058 4162 2277 4230 betont,
2324 4160 2565 4228 Gegens.
2603 4162 2671 4216 in

1554 4234 1755 4288 acieb.
1796 4238 1851 4301 6;
1903 4239 1953 4286 6.
1992 4239 2043 4288 3.
2081 4263 2148 4272 --
2185 4237 2279 4299 at,
2324 4231 2511 4285 bricht
2554 4248 2668 4286 em-

1552 4302 1814 4372 phatisch
1835 4305 1931 4358 ab:
1955 4304 2137 4370 ‘doch‚
2157 4302 2329 4357 nein’.
2350 4333 2417 4344 —
2438 4304 2668 4358 alieno

1553 4373 1643 4428 fiir
1696 4375 1955 4442 aliorum3
2010 4373 2123 4443 vgl.
2176 4378 2225 4428 ’1.
2264 4379 2315 4429 2.
2363 4381 2398 4428 4
2453 4374 2668 4428 alienus
