3069 4749
839 147 1339 200 HISTOBJARUM
1375 148 1798 202 ALEXANDRI
1833 151 1899 215 v,
1938 155 1988 206 8.
2029 157 2077 206 9.
2524 152 2654 219 201

300 309 464 375 lium
514 309 903 394 suppetebat
949 301 1081 374 aut'
1107 331 1260 376 vox:
1318 331 1464 376 cum
1509 307 1904 396 Artabazus,
1960 313 2438 380 vetustissimus
2500 317 2660 380 ami-

302 419 554 483 corum,
615 419 807 483 quem
866 397 1191 482 hospitem
1256 398 1457 464 fuisse
1518 397 1809 485 Philippi
1869 420 2066 486 supra
2121 401 2428 482 diximus,
2486 402 2660 470 ‘Nos

301 485 497 571 vero',
543 487 781 570 inquit,
840 485 1404 571 ‘pretiosissimam
1450 491 1698 554 vestem
1742 489 1957 554 induti
2004 491 2354 576 armisque,
2412 497 2659 579 quanto

302 576 589 641 maximo
636 575 815 641 cultu
860 596 1237 662 pontumue,
1291 577 1594 642 adornati
1648 597 1872 664 regem
1930 579 2001 644 in
2047 579 2252 644 aciem
2299 601 2660 666 sequemur,

304 687 381 730 ea
427 664 687 750 quidem
732 667 977 746 mente,
1032 669 1109 730 ut
1153 666 1491 732 victoriam
1552 687 1911 752 speremuS,
1965 670 2242 734 mortem
2295 691 2432 734 non
2483 691 2660 736 recu-

305 751 564 819 semus?
628 753 931 818 Adsensu
978 775 1287 838 excepere
1322 754 1523 820 ceteri
1559 753 1727 820 hanc
1764 776 2010 820 vocem.
2059 753 2183 821 Sed
2219 755 2658 842 Nabarzanes,
2696 771 2730 822 2

303 843 415 928 qui
460 843 533 906 in
579 841 805 908 eodem
852 842 1129 908 consilio
1176 844 1337 927 erat,
1381 865 1529 909 cum
1565 841 1771 908 Besso
1809 843 2087 910 inauditi
2113 849 2318 911 antea
2353 847 2661 914 facinoris

306 931 615 996 societate
670 930 837 995 inita
892 951 1115 1017 regem
1176 953 1365 998 suum
1422 953 1542 1017 per
1599 932 1868 1017 milites,
1928 933 2160 1018 quibus
2221 936 2416 1000 ambo
2479 959 2662 1022 prae-

306 1023 492 1085 erant
505 1069 525 1104 ,
571 1019 1091 1105 conprehendere
1136 1024 1204 1085 et
1248 1021 1489 1088 vincire
1539 1021 1984 1100 decreverant,
2044 1044 2124 1088 ea
2168 1027 2412 1109 mente,
2458 1029 2561 1112 ut,
2605 1027 2662 1090 si

306 1107 677 1172 Alexand‘er
719 1107 898 1192 ipsos
944 1109 1273 1176 insecutus
1319 1109 1511 1192 foret,
1555 1110 1801 1176 tradito
1839 1132 1994 1198 rege
2015 1111 2182 1184 Jivo
2227 1113 2472 1179 inirent
2518 1135 2662 1200 gra-

302 1197 462 1262 tiam
508 1196 777 1262 victoris
822 1217 1067 1284 magno
1111 1197 1405 1282 profecto
1453 1199 1702 1284 cepisse
1744 1197 2031 1265 Dareum
2069 1202 2514 1268 aestimaturi:
2563 1204 2664 1268 sin

306 1288 524 1350 autem
572 1306 721 1350 eum
767 1285 1051 1373 effugere
1094 1288 1490 1370 potuissent,
1544 1287 1890 1354 interfecto
1935 1286 2151 1354 Dareo
2206 1311 2482 1376 regnum
2537 1293 2664 1376 ipsi

306 1376 701 1459 occuparent
757 1375 1129 1460 bellumque
1182 1378 1587 1442 renovarent.
1678 1375 1822 1444 Hoe
1874 1377 2295 1462 parricidium
2353 1401 2497 1445 eum
2551 1381 2664 1446 diu
2701 1393 2734 1442 3

305 1463 739 1548 volutassent,
773 1461 1195 1530 Nabarzanes
1234 1464 1481 1530 aditum
1518 1465 1810 1530 nefariae
1849 1466 1988 1550 spei
2024 1487 2442 1554 praeparans,
2489 1467 2663 1536 ‘Seio

305 1549 457 1635 me',
500 1551 731 1636 inquit,
780 1550 1198 1618 ‘sententiam
1246 1575 1389 1618 esse
1436 1553 1758 1619 dicturum
1803 1555 2018 1639 prima
2063 1556 2276 1640 speeie
2331 1557 2663 1642 haudqua-

308 1662 501 1725 quam
550 1641 815 1706 auribus
860 1641 995 1706 tuis
1042 1645 1316 1727 gratam.
1390 1641 1515 1708 Sed
1563 1642 1796 1708 medici
1834 1664 2090 1728 quoque
2129 1645 2460 1730 graviores
2500 1667 2666 1712 mor-

306 1729 431 1796 bos
493 1729 739 1813 asperis
804 1730 1107 1796 remediis
1170 1735 1403 1797 curant
1464 1734 1531 1796 et
1588 1731 2014 1817 gubernator,
2069 1733 2182 1798 ubi
2248 1733 2665 1820 naufragium

310 1817 526 1900 timet,
578 1819 853 1903 iactura,
908 1819 1243 1904 quidquid
1265 1821 1509 1885 servari
1563 1823 1808 1905 potest,
1861 1821 2140 1887 redimit.
2229 1821 2376 1908 Ego
2423 1827 2662 1908 tamen,
2699 1835 2736 1885 4

306 1927 442 1972 non
485 1908 561 1970 ut
608 1906 917 1972 damnum
965 1908 1226 1993 quidem
1273 1909 1511 1995 faciae,
1557 1909 1797 1974 suadeo
1807 1960 1826 1993 ,
1881 1909 1996 1974 sed
2040 1913 2116 1975 ut
2159 1913 2226 1974 te
2273 1933 2349 1976 ae
2393 1933 2665 1998 regnum

274 1998 498 2067 „tuum
548 1995 793 2060 salubri
836 1997 1091 2062 ratione
1139 2018 1496 2064 conserves..
1586 1995 1706 2063 Dis
1754 1997 2044 2064 adversis
2091 1999 2338 2064 bellum
2383 2001 2666 2085 iniimus,

310 2086 377 2149 et
419 2083 722 2168 pertinax
764 2083 1031 2150 fortuna
1068 2085 1323 2152 'Persas
1376 2107 1611 2173 urgere
1663 2108 1797 2152 non
1853 2082 2108 2152 desinit.
2197 2075 2438 2154 Novi?
2459 2090 2667 2156 initiis

312 2174 377 2236 et
422 2171 750 2237 ominibus
809 2195 973 2259 opus
1030 2178 1147 2240 est.
1238 2174 1624 2260 Auspicium
1689 2179 1756 2240 et
1815 2176 2162 2260 imperium
2225 2177 2488 2244 interim
2555 2179 2667 2244 alii

310 2260 520 2345 trade,
578 2261 689 2344 qui
744 2262 997 2328 tamdiu
1050 2285 1165 2328 rex
1213 2263 1602 2350 appelletur,
1661 2264 1864 2330 donec
1910 2265 2074 2330 Asia
2118 2265 2389 2332 decedat
2433 2267 2667 2352 hostis,

310 2349 520 2416 victor
566 2349 799 2417 deinde
844 2371 1117 2437 regnum
1166 2353 1291 2419 tibi
1336 2352 1582 2419 reddat.
1671 2351 1818 2421 Hoc
1855 2357 2084 2433 ⁴autem
2141 2354 2324 2421 brevi
2378 2355 2668 2423 futurum
2705 2367 2740 2419 5

290 2438 483 2504 -ratio
548 2441 899 2524 promittit.
938 2492 944 2497 .
988 2440 1231 2507 Bactra
1285 2442 1533 2508 intaeta
1589 2446 1768 2527 sunt,
1823 2442 1970 2508 Indi
2029 2448 2097 2509 et
2154 2442 2357 2511 Sacae
2420 2447 2492 2511 in
2555 2451 2668 2513 tua

312 2531 671 2613 potestate:
728 2532 831 2594 tot
889 2530 1115 2613 populi
1172 2534 1276 2596 tot
1334 2532 1683 2614 exercitus,
1738 2536 1842 2596 tot
1896 2533 2186 2617 equitum
2250 2534 2670 2621 peditumque

314 2616 497 2681 milia
543 2616 625 2681 ad
671 2617 1075 2684 renovandae
1112 2618 1285 2686 vires
1331 2624 1566 2705 parata
1599 2620 1865 2703 habent,
1899 2624 1977 2685 ut
2021 2622 2231 2687 maior
2266 2622 2426 2688 belli
2461 2625 2668 2689 moles

315 2825 715 2883 schutternden
732 2826 1012 2885 Affekten.
1031 2860 1103 2871 -
1119 2846 1153 2883 υ
1163 2830 1371 2886 etueti
1380 2846 1434 2885 s·-

312 2898 544 2964 eimuae,
596 2896 699 2952 auf
742 2898 834 2953 die
883 2898 1055 2969 lange
1100 2898 1287 2955 Dauer
1336 2902 1435 2955 der

294 2968 727 3024 -Freundschaft
751 2970 1116 3026 hinweisend.
1154 2957 1307 3027 Uber
1324 2972 1435 3026 Ar-

312 3040 545 3094 tabazus
600 3057 643 3096 s.
679 3038 827 3097 Anh.
862 3040 904 3096 Ι.
945 3046 1044 3096 20.
1104 3072 1171 3083 -
1226 3058 1437 3111 supra

314 3110 638 3180 diximus,
700 3112 821 3167 also
876 3112 1027 3167 wohl
1076 3113 1155 3167 im
1215 3118 1262 3170 1.
1302 3114 1437 3171 oder

316 3185 366 3237 2.
404 3181 580 3235 Buch.
618 3212 687 3221 —
724 3183 958 3237 induti
994 3200 1038 3239 s.
1074 3184 1139 3239 E.
1180 3189 1265 3241 ¹14.

387 3256 437 3306 2.
494 3252 966 3323 Nabarzanes,
1023 3270 1066 3309 s.
1112 3254 1256 3310 Anh.
1302 3254 1344 3309 I.
1389 3260 1436 3310 1.

315 3322 441 3377 Arr.
470 3324 648 3378 neunt
674 3322 759 3378 als
788 3324 1000 3379 dritten
1019 3325 1284 3381 Veri-’ater
1305 3328 1437 3380 Bar-

318 3394 560 3461 saentes,
582 3392 923 3451 Statthalter
950 3413 1059 3451 von
1077 3396 1438 3455 Arachosien.

316 3494 385 3504 ——
414 3465 881 3533 decreverant,-
918 3466 1185 3537 Subjekt:
1212 3468 1439 3523 Nabar-

316 3550 479 3591 zanes
516 3552 638 3591 cum
672 3536 859 3593 Besso.
914 3524 1067 3593 Uber
1102 3539 1213 3593 den
1248 3538 1441 3595 Plural

316 3605 416 3661 des
471 3605 772 3663 Pradikats
830 3626 873 3664 s.
910 3610 978 3664 E.
1014 3614 1101 3665 68.
1148 3640 1217 3651 --—
1260 3612 1438 3667 inse-

316 3682 544 3744 cutu85
606 3678 823 3749 meavi
882 3680 1057 3736 heisst
1116 3680 1235 3736 auf
1294 3682 1441 3737 dem

316 3746 1325 3821 Fussenachfolgen,jemandem
1344 3751 1448 3807 auf

316 3818 429 3875 den
484 3820 693 3876 Fereen
748 3821 884 3876 sein.
959 3823 1149 3879 Daher
1194 3822 1279 3878 oft
1331 3822 1443 3879 fast

318 3890 507 3959 gleieh
544 3892 660 3959 ad-,
696 3894 965 3963 consequi.

392 3966 442 4017 3.
490 3962 749 4017 aditum
793 3966 938 4033 spei
986 3980 1442 4035 praeparans,

320 4030 431 4086 den
458 4030 609 4103 Weg
642 4032 907 4089 bahnend
943 4054 1043 4090 zur
1078 4034 1443 4106 Ausffihrung

322 4100 421 4157 des
459 4101 688 4171 Planes3
744 4120 890 4175 spes
938 4106 1031 4161 fiir
1082 4122 1170 4162 res
1222 4110 1445 4175 sperata

320 4172 400 4226 ist
436 4173 751 4229 aller-warte
788 4176 996 4247 haufig.
1038 4206 1102 4218 —
1142 4178 1443 4246 iactura,

321 4243 365 4296 t.
402 4244 444 4298 t.
490 4243 583 4299 fiir
634 4245 735 4299 das
785 4233 1297 4305 Uberbordwerfen-
1340 4248 1447 4303 der

326 4310 758 4385 Sehiffsladung.

1613 2834 1665 2886 4.
1694 2844 1806 2900 eyo
1831 2832 2063 2883 tamen.
2099 2828 2360 2885 Konnex=
2381 2830 2528 2887 doch
2547 2850 2669 2888 ver-

1541 2900 1712 2969 lange
1747 2900 1841 2955 ich
1893 2899 2054 2955 nicht
2099 2900 2333 2968 einmal,
2381 2905 2555 2957 etwas
2603 2920 2672 2957 zu

1546 2972 1806 3041 opfern.
1846 3001 1914 3011 —
1951 2972 2282 3039 damnum,
2333 2974 2672 3028 zun'iekwei-

1546 3042 1686 3097 send
1739 3040 1839 3096 auf
1890 3043 2126 3097 iactwra.
2183 3072 2252 3083 —
2311 3043 2671 3113 pertinax,

1545 3112 1988 3183 hartnackiffi
2025 3112 2516 3183 unerbittlich3
2554 3116 2671 3185 vgl.

1545 3182 1680 3239 Hor.
1724 3200 1893 3241 earm.
1943 3190 1993 3239 3.
2041 3190 2130 3239 29.
2179 3188 2250 3238 50
2303 3186 2432 3251 fort.
2481 3186 2674 3241 ludum

1547 3255 1865 3311 insolentem
1901 3255 2086 3311 ludere
2129 3256 2411 3325 pert'maoe.
2451 3287 2519 3297 -
2557 3274 2672 3313 no-

1546 3327 1650 3383 vis
1685 3326 1923 3382 initiis
1951 3327 2003 3381 d.
2032 3326 2069 3382 i.
2100 3327 2368 3395 auepieiie
2393 3329 2552 3384 novis
2581 3328 2670 3384 od.

1547 3413 1690 3453 ‘novo
1725 3413 1892 3469 reqno
1937 3398 2069 3453 aliis
2113 3399 2386 3465 auspiciis
2429 3400 2672 3455 initiate.

1550 3467 1681 3539 vgl.
1719 3469 1902 3524 initiis
1940 3468 2151 3524 Tiberii
2185 3468 2315 3525 Tac.
2345 3485 2471 3524 ann.
2505 3476 2552 3525 1.
2587 3477 2671 3526 16.

1551 3570 1620 3580 —
1666 3540 1874 3609 ratic,
1925 3539 2067 3594 ‘ein
2114 3539 2470 3595 einfacher
2513 3540 2676 3595 Kal-

1547 3608 1731 3676 kfil’3
1795 3611 2002 3665 ebenso
2065 3610 2468 3681 personifiziert
2523 3613 2676 3668 steht

1549 3681 1698 3737 ratio
1732 3678 1851 3737 Liv.
1891 3686 1976 3736 26.
2019 3687 2101 3737 19.
2140 3687 2190 3736 2.

1623 3756 1672 3807 ὅ.
1711 3750 1948 3819 Sacae,
1993 3752 2312 3821 persischer
2356 3752 2536 3808 Name
2582 3750 2675 3807 fiir

1551 3822 1642 3877 die
1681 3822 1980 3879 Nomaden
2007 3824 2250 3891 Turans3
2279 3822 2491 3894 griech.
2521 3819 2673 3878 Σκύ-

1549 3897 1676 3949 θαι.
1715 3924 1784 3933 —-
1820 3898 1917 3949 tot
1953 3896 2292 3950 exereitus
2326 3912 2378 3949 u.
2418 3898 2513 3951 tot
2547 3896 2674 3950 mi-

1551 3964 1653 4020 lia
1705 3963 2138 4035 sind'ObJekte.
2198 3996 2266 4007 --
2321 3966 2406 4021 ad
2453 3982 2670 4021 renov.

1550 4036 1755 4104 eirea,
1791 4036 2042 4091 namlieh
2077 4041 2328 4105 nostras;
2363 4036 2593 4091 ahnlieh
2619 4052 2676 4093 se

1550 4122 1813 4163 renovare
1847 4108 2004 4163 novis
2037 4108 2212 4176 copiis
2245 4108 2340 4161 bei
2377 4106 2489 4162 Cic.
2544 4106 2671 4177 Vgl.

1552 4178 1698 4233 auch
1733 4178 1878 4234 vires
1911 4179 2132 4247 imperii
2178 4182 2261 4232 10.
2299 4182 2362 4245 43
2407 4182 2456 4233 8.
2499 4181 2582 4235 12.
2623 4184 2672 4233 9.

1553 4280 1625 4291 -
1661 4250 1823 4304 belli
1868 4249 2064 4304 moles
2107 4248 2216 4303 wie
2243 4254 2293 4303 4.
2333 4252 2382 4305 8.
2419 4254 2481 4320 43
2527 4249 2676 4303 doeh

1555 4320 1679 4375 hier
1741 4320 1902 4374 mehr
1967 4335 2034 4373 zu
2088 4318 2360 4374 beziehen
2415 4320 2518 4375 auf
2575 4322 2676 4377 das
