3069 4749
374 138 507 204 150
1317 144 1380 206 0.
1420 143 1641 194 cmm
1674 142 1851 194 mm

370 303 496 367 hoc
539 302 737 367 tertio
782 304 1055 387 peteret,
1100 303 1283 368 nulla
1317 303 1417 367 vis
1457 302 1736 388 subegit,
1774 302 1886 367 sed
1922 303 2179 368 iustitia
2215 306 2281 367 et
2317 304 2728 371 continentia

301 399 334 447 3
373 396 484 455 baa
529 392 869 475 expressit.
959 390 1256 476 Matrem,
1302 392 1664 475 coniugem,
1709 391 1951 457 liberos
1998 393 2157 473 81118,
2194 393 2323 457 8181
2349 393 2539 478 ‚quod
2586 394 2728 459 sine

371 481 486 544 illo
534 483 712 562 sunt,
767 483 997 564 captos
1054 502 1194 545 esse
1249 501 1384 545 non
1443 481 1793 545 sensimus:
1852 480 2207 564 pudicitiae
2265 504 2516 566 earum,
2563 505 2728 568 quae

373 572 740 653 supersunt,
786 589 1008 646 curam
1055 568 1230 633 haud
1276 591 1460 634 secus
1509 590 1703 653 quam
1750 591 1987 654 parens
2034 590 2249 655 agens.
2302 572 2565 655 reginas
2613 594 2729 658 ap-

299 666 336 715 4
371 659 610 743 pellas,
689 659 969 742 speciem
1033 658 1346 742 pristinae
1405 658 1707 724 fortunae
1767 659 2043 723 retinere
2102 660 2365 743 pateris.
2454 658 2729 726 Vultum

371 752 558 811 tuum
605 746 812 829 vide0,
860 747 1071 832 qualis
1107 746 1307 812 Darei
1352 746 1500 831 fuit,
1539 768 1687 812 cum
1724 746 2208 813 dimitteremur
2244 749 2328 814 ab
2368 770 2475 813 eo:
2514 753 2581 813 et
2616 750 2728 814 ille

370 838 596 900 tamen
642 857 930 925 uxorem,
974 839 1050 901 tu
1095 835 1352 900 hostem
1395 836 1605 921 luges.
1677 834 1822 900 Iam
1858 837 1926 900 in
1964 837 2101 901 acie
2141 842 2367 921 818188,
2406 836 2537 901 nisi
2574 860 2728 903 cura

371 926 438 989 te
486 925 856 1007 sepulturae
903 925 1042 989 eius
1091 929 1474 990 moraretur.
1511 934 1518 941 '
1564 924 1820 1008 Ecquid
1866 926 2105 990 mirum
2152 929 2281 1010 est,
2336 926 2392 989 si
2447 930 2584 991 tam
2642 927 2723 992 ab

375 1014 582 1078 amico
631 1014 848 1080 animo
894 1036 1123 1097 pacem
1168 1014 1382 1096 petit?
1473 1014 1629 1097 quid
1689 1035 1852 1097 opus
1909 1018 2011 1079 est
2065 1014 2291 1097 811818,
2345 1016 2519 1079 inter
2562 1037 2725 1099 quos

302 1110 335 1160 5
374 1103 525 1168 odia
563 1103 824 1169 sublata
863 1103 1058 1167 sunt?
1131 1102 1346 1168 Antea
1381 1103 1657 1185 imperio
1695 1106 1811 1167 tuo
1848 1104 2045 1167 finem
2083 1103 2453 1168 destinabat
2486 1102 2727 1187 Halym

373 1213 657 1273 amnem,
720 1192 830 1276 qui
888 1190 1162 1275 Lydiam
1222 1192 1561 1256 terminat:
1625 1213 1823 1274 nunc,
1882 1192 2191 1275 quidquid
2248 1194 2421 1255 inter
2472 1191 2726 1257 Helles-

372 1284 650 1365 pontum
710 1287 776 1345 et
835 1280 1219 1365 Euphraten
1275 1284 1404 1365 est,
1457 1281 1526 1344 in
1582 1282 1800 1345 dotem
1854 1279 2029 1345 filiae
2084 1280 2299 1364 offert,
2354 1303 2599 1366 quam
2602 1280 2727 1347 tibi

303 1379 336 1428 6
373 1366 594 1433 tradit.
686 1304 982 1435 Ochump
1001 1370 1237 1454 filium,
1302 1390 1496 1454 quem
1560 1368 1793 1453 habes,
1854 1370 2035 1454 pacis
2094 1373 2161 1434 et
2220 1369 2372 1433 fidei
2435 1356 2727 1435 obsidem

373 1459 602 1540 retine,
650 1462 928 1524 matrem
976 1463 1044 1523 et
1089 1458 1248 1523 duas
1295 1458 1585 1543 virgines
1620 1458 1790 1523 filias
1827 1457 2049 1523 redde:
2085 1480 2205 1543 pro
2244 1458 2453 1523 tribus
2493 1480 2721 1543 corpo-

305 1559 334 1608 7
371 1547 553 1612 ribus
589 1566 741 1612 xxx
778 1548 962 1612 milia
997 1547 1319 1612 talentum
1357 1546 1500 1611 auri
1536 1551 1841 1631 precatur
1878 1547 2177 1631 accipias.
2250 1547 2399 1613 Nisi
2438 1547 2726 1612 modera-

369 1635 620 1701 tionem
665 1636 870 1701 animi
915 1636 1015 1700 tui
1051 1638 1276 1700 notam
1312 1635 1640 1719 haberem,
1680 1637 1867 1717 [non]
1907 1635 2185 1701 dicerem
2222 1636 2348 1701 hoc
2384 1656 2525 1701 esse
2561 1643 2726 1700 tem-

375 1746 519 1809 pus,
563 1747 692 1809 quo
738 1746 967 1810 pacem
1013 1746 1147 1789 non
1194 1723 1346 1788 dare
1395 1725 1625 1808 solum,
1672 1724 1785 1789 sed
1835 1724 2036 1789 etiam
2082 1745 2395 1809 occupare
2441 1724 2723 1791 deberes,

302 1825 336 1875 8
373 1811 676 1897 Respice,
724 1818 1040 1898 quantum
1086 1816 1238 1898 post
1280 1817 1349 1878 tc
1393 1814 1763 1916 reliqueris:
1819 1814 2100 1897 intuere,
2157 1818 2472 1898 quantum
2519 1816 2726 1898 petas,

371 1900 817 1968 Periculosum
866 1906 967 1967 est
1010 1921 1368 1987 praegrave
1415 1902 1787 1986 imperium,
1844 1902 2110 1967 difficile
2158 1906 2259 1967 est
2304 1903 2476 1967 enim
2524 1902 2726 1967 conti-

372 2013 542 2075 nere,
572 1991 744 2077 quod
775 2012 1008 2077 capere
1043 1991 1409 2075 nonpossis.
1493 1989 1801 2075 Videsne,
1837 1995 1913 2055 ut
1948 1986 2236 2077 navigia,
2262 2012 2425 2075 quae
2462 1991 2726 2056 modum

372 2081 705 2164 excedunt,
752 2082 890 2183 regi
933 2080 1310 2165 nequeant?
1399 2079 1462 2145 N
1467 2100 1659 2165 88810,
1707 2102 1793 2145 an
1837 2079 2091 2145 Dareus
2137 2080 2285 2145 ideo
2331 2084 2470 2144 tam
2516 2081 2727 2144 multa

375 2167 694 2255 amiserit,
749 2172 900 2254 quia¹
953 2168 1191 2234 nimiae
1257 2189 1414 2252 opes
1481 2190 1759 2253 magnae
1824 2170 2115 2234 iacturae
2181 2170 2395 2233 locum
2458 2168 2728 2231 faciunt.

303 2270 336 2319 9
373 2256 659 2324 Facilius
709 2263 808 2322 est
853 2258 1112 2343 quidem
1162 2258 1437 2340 vincere,
1484 2279 1681 2341 quam
1727 2258 1899 2324 tueri
1930 2258 2274 2342 praedam:
2322 2277 2538 2341 quam,
2582 2256 2727 2321 her·

375 2345 536 2433 cule,
581 2346 942 2450 expeditius
992 2367 1224 2412 manus
1269 2350 1532 2412 nostrae
1580 2348 1862 2432 rapiunt,
1910 2368 2106 2432 quam
2153 2346 2505 2412 continent
2569 2344 2727 2429 Ipsa

375 2457 550 2500 mors
597 2437 814 2501 uxoris
864 2435 1059 2501 Darei
1103 2435 1452 2502 admonere
1505 2439 1573 2501 te
1633 2441 1853 2521 potest
1904 2437 2121 2500 minus
2177 2436 2309 2500 iam
2366 2435 2725 2500 misericor-

270 2540 337 2590 10
376 2524 520 2589 diae
565 2528 719 2589 tuae
764 2524 979 2608 licere,
1026 2547 1219 2609 quam
1265 2523 1493 2591 licuit?
1583 2524 1956 2590 Alexander
1999 2525 2239 2610 legatis
2276 2524 2581 2588 excedere
2628 2526 2723 2586 18-
2746 2519 2838 2585 44

372 2614 779 2679 bernaculo
758 2613 974 2696 russie,
1021 2613 1173 2699 quid
1209 2614 1517 2698 placeret,
1554 2613 1635 2678 ad
1674 2615 2016 2679 consilium
2054 2612 2271 2678 refert.
2345 2611 2476 2677 Diu
2514 2632 2726 2696 neme,

445 2831 496 2880 2.
534 2826 650 2880 hoc
684 2824 914 2892 tertio,
943 2823 1110 2893 ‘jetzt
1133 2838 1260 2878 81118
1289 2822 1498 2879 dritten
1606 2822 1882 2894 Kepfe',
1936 2823 2043 2878 wie
2099 2828 2149 2878 5.
2202 2829 2284 2877 13.
2332 2827 2383 2877 4.
2470 2819 2731 2876 Dieselbe

374 2895 569 2963 Male',
609 2914 650 2951 8.
689 2893 750 2951 Ε.
790 2901 862 2952 25
905 2893 1069 2952 Anm.
1109 2895 1189 2949 Ζ11
1226 2895 1383 2950 lesen
1419 2895 1496 2950 ist
1608 2895 1835 2952 Summe
1881 2895 1985 2950 hat
2034 2895 2181 2949 auch
2227 2892 2417 2959 Diod„
2474 2893 2733 2961 dagegen

374 2968 550 3022 wohl.
609 2969 708 3024 hoc
743 2968 980 3022 tertium.
1020 2998 1087 3007 —
1134 2983 1211 3021 ex
1266 2967 1498 3034 rescit,
1608 2986 1634 3022 8
1676 2967 1883 3022 rechen
1900 2965 2026 3023 Art.
2046 2965 2263 3020 u.Plut.
2282 2982 2389 3018 nur
2406 2981 2517 3020 von
2542 2967 2607 3016 10
2610 2967 2733 3031 ,000

378 3037 504 3094 ‘hat
539 3037 640 3093 ihn
676 3039 768 3108 (ab
805 3054 864 3092 8ο
911 3037 1048 3092 oder
1092 3038 1164 3106 ev)
1252 3051 1356 3091 8811
1400 3054 1500 3107 ge-
1660 3038 1901 3092 8188188.

326 3137 350 3160 .
376 3109 636 3179 drangt’3
673 3109 781 3163 mit
815 3113 881 3163 ut
917 3109 1091 3162 sehon
1125 3106 1226 3162 bei
1261 3107 1373 3163 Cic.
1682 3113 1732 3163 8.
1770 3123 2030 3176 capere,
2070 3105 2282 3175 3818113
2317 3123 2371 3160 11.
2402 3103 2731 3170 moralisch3

448 3186 498 3234 3.
536 3181 681 3234 nisi
715 3181 912 3249 quod,
949 3198 991 3234 8.
1026 3178 1091 3232 Ε.
1124 3182 1243 3233 147.
1283 3209 1350 3218 -
1387 3195 1501 3233 cu·
1611 3180 1981 3244 continere,
2019 3177 2167 3230 hier.
2200 3174 2731 3230 *118881188888ἱ-

373 3267 532 3306 ram.
605 3251 712 3306 Die
761 3249 1027 3305 Verbind.
1068 3249 1174 3303 mit
1220 3266 1378 3330 aqere
1422 3249 1503 3303 ist
1606 3251 1883 3310 modum
1918 3249 2270 3315 excedunt,
2318 3246 2443 3301 eine
2489 3243 2733 3300 Liviani

374 3322 646 3390 poetisch.
678 3351 746 3362 -
766 3336 1022 3391 parens
1062 3320 1176 3375 ‘ein
1204 3318 1500 3375 leiblicher
1610 3322 1743 3376 sche
1768 3319 2099 3375 Reden'sart.
2118 3349 2189 3359 —
2210 3320 2422 3374 locum
2458 3318 2735 3385 faciunt

375 3391 598 3461 Vater’,
648 3392 755 3447 mit
809 3392 1000 3474 388113
1052 3391 1155 3445 auf
1205 3391 1298 3445 die
1350 3391 1502 3458 filiae
1608 3392 1717 3448 wie
1753 3397 1983 3448 3.1.4·.

375 3465 633 3534 virgines.
682 3493 750 3504 --
795 3464 1078 3532 speciem
1113 3461 1220 3516 wie
1259 3478 1500 3531 appara·
1682 3472 1732 3520 9.
1760 3469 1856 3519 eet
1889 3463 2177 3533 quidem,
2198 3459 2420 3514 Stellun
2478 3459 2654 3514 11189
2678 3463 2729 3513 Β.

376 3541 495 3590 tum
515 3539 581 3588 „3
625 3539 806 3588 12.12
844 3533 980 3587 0(181
1013 3533 1502 3602 maym’ficeoetiam,
1609 3541 1695 3590 20.
1755 3564 1822 3576 -
1876 3535 2059 3590 tueri
2106 3532 2334 3601 praed.
2462 3529 2587 3584 inn-
2644 3528 2736 3582 die

377 3606 574 3660 ebend.
613 3611 644 3671 5
681 3610 768 3662 23.
1608 3605 1788 3660 Beute
1826 3624 1892 3659 811
1927 3603 2295 3672 verteidigen,
2333 3601 2425 3656 die
2464 3599 2737 3655 wahrlich

450 3683 503 3732 4.
540 3678 792 3744 anime,
828 3674 1169 3732 vertraulich
1205 3675 1298 3728 ffir
1332 3675 1850 3731 λαιά-1818111181
1896 3693 1969 3730 811
2012 3674 2230 3729 rauben
2264 3673 2351 3728 als
2389 3688 2737 3728 zusammen-

375 3765 460 3803 ne.
535 3747 610 3802 So
667 3719 812 3802 811811
864 3746 959 3800 bei
1013 3745 1121 3800 den
1168 3744 1877 3813 Κο18111818·8111181188
1912 3744 2305 3800 181.815188(1
2340 3743 2421 3798 ist
2458 3743 2559 3798 das
2589 3741 2738 3796 drei

378 3818 638 3874 fiblicher
673 3818 733 3872 in
773 3817 988 3873 diesem
1026 3817 1162 3871 Sinn
1189 3818 1267 3872 ist
1293 3819 1501 3872 anima.
1609 3820 1821 3887 1881138
1858 3833 2039 3886 quam.
2103 3815 2264 3870 Doch
2302 3835 2343 3870 s.
2366 3814 2427 3870 Ε.
2454 3818 2555 3868 164
2573 3813 2733 3867 Anm.

379 3891 569 3960 Vergl.
600 3891 708 3945 den
735 3889 1038 3944 ahnlichen
1070 3889 1366 3943 Gebrauch
1403 3888 1501 3942 des
1611 3921 1680 3931 —
1716 3891 1981 3945 minus.
2014 3888 2287 3956 .licere‚
2322 3886 2431 3941 wie
2459 3889 2736 3951 6.10.14,

381 3962 690 4017 deutschen
726 3959 951 4014 Wortes
991 3959 1258 4014 ‘Seele'.
1289 3975 1498 4012 —ar-
1610 3962 1664 4016 d
1702 3961 1757 4014 h.
1817 3961 1933 4014 der
1988 3957 2221 4013 Gnade
2282 3957 2434 4012 sind
2491 3971 2738 4026 engere

377 4035 526 4100 mis,
553 4037 804 4116 ,81381188
841 4049 968 4086 81118
1004 4030 1332 4098 Folgenden
1365 4029 1454 4084 iia
1614 4032 1917 4087 Grenzen
1955 4039 2276 4100 gezogen.
2341 4028 2445 4082 Die
2482 4028 2739 4082 Vei-stor-

452 4109 502 4158 5.
541 4105 615 4158 in
649 4105 882 4169 dotem,
919 4101 1035 4171 vgl.
1066 4105 1115 4158 5.
1146 4106 1176 4154 ’1
1207 4101 1325 4155 doti
1352 4101 1756 4158 (1818118118
1795 4103 1935 4158 wird
1973 4101 2144 4156 somit
2180 4101 2267 4154 als
2303 4100 2428 4155 eine
2455 4100 2586 4153 dem
2616 4097 2734 4151 Sie-

379 4176 602 4229 tradit
644 4174 752 4229 wie
797 4175 989 4229 ceditis
1023 4176 1054 4236 5
1094 4177 1188 4242 19,
1231 4171 1332 4226 dat
1367 4175 1398 4236 ξ
1435 4175 1504 4225 20
1613 4191 1713 4245 ger
1751 4174 2061 4228 entrissene
2099 4173 2275 4226 Beute
2312 4169 2656 4226 bezeichnet

379 4261 562 4314 praes.
602 4245 672 4299 de
709 4246 935 4298 conatu.
1689 4250 1771 4300 10.
1808 4245 2041 4311 refert,
2094 4240 2387 4297 ‘richtet
2431 4241 2541 4295 die
2576 4239 2737 4293 Fra-

457 4320 506 4369 6.
545 4316 942 4384 corporibus
980 4339 1049 4360 =-=
1099 4312 1505 4383 ‘Personen‚
1615 4316 1747 4386 38’,
1786 4315 1891 4372 wie
1930 4315 2065 4371 Sall.
2102 4313 2223 4369 Cat.
2264 4317 2351 4368 50.
2389 4318 2438 4368 8.
