3069 4749
364 1204 428 1249 11

367 1468 432 1515 12
472 1458 659 1539 perat
697 1454 1009 1539 obsidere,
1056 1455 1470 1539 expugnavit.

366 1912 429 1961 13

452 137 601 215 ,196

642 300 767 366 His
824 302 893 365 in
947 300 1141 367 fidem
1198 300 1479 383 acceptis
1541 300 1622 365 ad
1667 300 1832 366 alias
1877 300 2106 366 deinde
2151 304 2379 385 gentes
2427 306 2658 386 quarto
2708 303 2811 367 die
2831 303 2904 367 31

1372 136 1436 203 Q.
1476 136 1696 193 CURTI
1732 136 1906 193 RUFI

466 391 779 475 pervenit.
878 388 1104 455 Nihilo
1167 388 1314 472 plus
1381 389 1582 454 animi
1645 389 1751 453 his
1813 390 1968 473 fuit,
2035 411 2228 474 quam
2290 390 2521 455 ceteris
2575 390 2812 457 fuerat.

466 480 695 565 Itaque
734 477 973 563 oppido
1011 478 1105 542 ibi
1140 476 1418 561 condit0,
1456 477 1626 563 quod
1654 477 2128 543 Alexandream
2165 479 2479 563 appellari
2513 479 2815 564 iusserat,

396 579 427 628 9
466 569 625 633 fines
666 589 905 651 eorum,
944 567 1055 651 qui
1081 565 1401 632 Musicani
1440 566 1870 651 appellantur,
1905 568 2194 633 intravit.
2265 566 2391 633 Hic
2419 567 2496 633 de
2523 567 2814 634 Teriolte

467 661 755 741 satrape,
809 678 999 740 quem
1044 654 1570 739 Parapamisadis
1625 654 2050 739 praefecerat,
2103 655 2334 721 iisdem
2389 658 2811 741 arguentibus

466 748 775 832 cognovit
819 745 1150 830 multaque
1199 766 1389 809 avare
1439 765 1514 809 ac
1553 745 1828 827 superbe
1865 745 2096 810 fecisse
2135 746 2500 811 convictum
2537 745 2814 811 interfici

362 846 429 895 10
465 836 672 901 iussit.
764 832 1107 919 Oxyartes,
1160 836 1425 918 praetor
1469 832 1998 919 Bactrianorum,
2042 855 2173 899 non
2221 834 2556 900 absolutus
2601 834 2814 913 mod0,

467 923 579 989 sed
635 923 835 987 etiam
888 922 1028 987 iure
1082 923 1320 987 amoris
1380 922 1718 1005 amplioris
1774 922 2029 1005 imperii
2083 921 2363 988 donatus
2411 926 2512 987 est
2557 923 2814 988 finibus

464 1012 817 1077 Musicanis
863 1010 1090 1075 deinde
1137 1011 1206 1074 in
1252 1010 1570 1081 dicionem
1615 1010 1896 1076 redactis
1953 1010 2102 1075 urbi
2149 1032 2372 1077 eorum
2416 1011 2814 1095 praesidium

475 1101 780 1185 inposuit.

644 1187 803 1254 Inde
846 1189 934 1253 ad
966 1186 1290 1271 Praestos,
1337 1192 1403 1253 et
1438 1189 1648 1272 ipsam
1687 1187 1910 1252 Indiae
1949 1188 2230 1273 gentem,
2274 1192 2660 1273 perventum
2699 1194 2813 1255 est.

465 1277 850 1343 Porticanus
905 1298 1018 1341 rex
1077 1281 1245 1361 erat,
1300 1278 1412 1361 qui
1466 1299 1536 1341 88
1589 1276 1873 1341 munitae
1928 1276 2076 1341 urbi
2130 1297 2276 1341 cum
2333 1297 2572 1362 magna
2620 1300 2815 1343 manu

468 1366 881 1451 popularium
926 1366 1295 1431 incluserat.
1385 1364 1574 1431 Hanc
1610 1363 1978 1429 Alexander
2020 1364 2217 1429 tertio
2263 1364 2383 1447 die,
2432 1386 2630 1449 quam
2677 1388 2816 1434 coe-

1548 1452 1640 1518 Et
1675 1452 2076 1535 PorticanuS,
2121 1474 2266 1519 cum
2311 1454 2382 1517 in
2418 1475 2635 1519 arcem
2675 1477 2817 1521 con-

467 1544 761 1629 fugisset,
812 1544 1065 1629 legatos
1104 1543 1182 1607 de
1221 1542 1596 1609 condicione
1642 1542 1988 1607 deditionis
2033 1542 2218 1607 misit
2271 1542 2352 1607 ad
2397 1563 2647 1628 regem:
2707 1544 2818 1610 sed

470 1636 817 1717 antequam
856 1633 1110 1697 adirent
1156 1654 1321 1716 eum,
1368 1632 1531 1697 duae
1576 1634 1786 1696 turres
1835 1652 1980 1696 cum
2017 1631 2270 1715 ingenti
2305 1630 2565 1716 fragore
2601 1634 2814 1717 proci·

471 1722 699 1787 derant
715 1772 731 1805 ,
779 1743 895 1805 per
949 1743 1222 1810 quarum
1268 1720 1489 1786 ruinas
1537 1719 1918 1785 Macedones
1967 1740 2226 1785 evasere
2273 1720 2342 1783 in
2397 1741 2644 1805 arcem,
2692 1741 2816 1806 qua

470 1814 664 1896 capta
708 1805 1093 1877 Porticanus
1140 1832 1286 1875 cum
1330 1810 1553 1895 paucis
1597 1829 1968 1894 repugnans
2015 1807 2345 1875 occiditur.

648 1898 883 1963 Diruta
927 1898 1132 1985 igitur
1176 1920 1323 1963 arce
1371 1902 1436 1963 et
1484 1898 1782 1963 omnibus
1840 1897 2112 1982 captivis
2158 1896 2540 1962 venundatis
2587 1896 2902 1964 Samb132

467 1990 641 2075 regis
699 1990 859 2053 fines
914 1988 1242 2073 ingressus
1300 1992 1400 2051 est
1457 1987 1810 2071 multisque
1865 1986 2116 2071 oppidis
2171 1986 2241 2049 in
2293 1984 2485 2050 fidem
2534 1988 2815 2071 acceptis

370 2088 435 2137 14
474 2076 938 2143 validissimam
1004 2077 1217 2170 gentis
1283 2075 1509 2141 urbem
1577 2076 1869 2141 cuniculo
1936 2076 2124 2160 cepit.
2224 2072 2534 2139 Barbaris
2601 2074 2816 2141 simile

471 2166 748 2233 monstri
775 2166 988 2231 visum
1018 2170 1136 2250 est,
1175 2165 1443 2229 rudibus
1473 2164 1858 2229 militarium
1887 2185 2181 2249 operum.
2222 2164 2460 2248 quippe
2499 2164 2568 2228 in
2604 2164 2816 2231 media

470 2255 675 2321 ferme
720 2256 879 2319 urbe
927 2255 1163 2319 armati
1207 2258 1385 2319 terra
1430 2253 1798 2319 existebant
1841 2253 2021 2318 nullo
2077 2250 2334 2317 suffossi
2387 2272 2618 2335 specus
2670 2257 2815 2317 ante

366 2355 431 2405 15
471 2343 753 2430 vestigio
788 2343 983 2409 fact0.
1055 2360 1250 2408 Lxxx
1286 2342 1467 2407 milia
1504 2341 1812 2408 Indorum
1849 2342 1918 2407 in
1955 2363 2030 2407 ea
2065 2341 2330 2427 regione
2367 2362 2556 2407 caesa
2583 2338 2814 2408 Clitar-

541 2541 589 2589 8.
656 2536 740 2589 ad
804 2535 988 2590 alias
1049 2539 1288 2604 yentes.
1381 2534 1593 2590 Diodor

468 2608 645 2661 neunt
690 2605 773 2660 818
810 2605 1021 2660 8811188
1065 2605 1177 2659 und
1219 2604 1482 2660 Massani.
1522 2636 1590 2645 —

470 2677 999 2743 Alexandream,
1028 2675 1173 2731 doch
1199 2675 1351 2730 wohl
1379 2676 1468 2730 die
1498 2693 1593 2731 am

470 2747 782 2802 Einfluss
806 2748 922 2802 1188
940 2748 1266 2802 Acesines
1286 2749 1489 2815 (Arne.
1506 2754 1590 2802 15.

472 2822 530 2887 2)
556 2820 903 2889 gegrundete
932 2819 1097 2874 Stadt
1126 2819 1307 2874 dieses
1327 2819 1592 2874 Namens.

542 2895 591 2946 9.
640 2890 959 2946 Teriolte.
1024 2889 1186 2945 Nach
1213 2889 1414 2944 Ari-ian
1441 2889 1594 2944 hiess

470 2977 532 3016 81
581 2961 877 3032 Tyriaspes
930 2961 1047 3016 und
1100 2961 1289 3016 wurde
1342 2979 1448 3015 nur
1498 2961 1594 3016 ab·

471 3034 712 3102 3888181,
747 3032 908 3087 nicht
942 3031 1211 3102 gctodtct.

550 3108 631 3158 10.
694 3075 1056 3174 Oxyartes,
1102 3102 1201 3156 der
1250 3102 1593 3172 8881118381-

472 3175 634 3228 vater
668 3174 1040 3242 Alexanders,
1080 3191 1121 3228 8.
1161 3179 1211 3228 8.
1250 3181 1300 3228 4.
1340 3179 1407 3228 29
1447 3191 1499 3227 u.
1539 3179 1590 3228 8.

474 3251 523 3298 2.
572 3249 658 3300 25.
740 3245 867 3301 Von
921 3244 1075 3299 einer
1128 3261 1311 3315 gegen
1363 3244 1463 3299 ihn
1509 3261 1592 3298 81-

471 3315 697 3371 hobnen
714 3316 973 3386 Anklage
991 3317 1153 3370 weiss
1163 3311 1367 3370 Arrian
1384 3315 1590 3382 nichts,

470 3387 621 3442 wohl
670 3387 805 3442 aber
854 3403 963 3442 von
1014 3386 1112 3441 der
1164 3385 1594 3469 Uebertragung

472 3457 571 3512 der
606 3456 919 3528 erledigten
954 3457 1213 3527 Sat-rapis
1261 3473 1335 3512 an
1368 3457 1590 3512 11111.-

470 3531 623 3584 iure
663 3529 938 3594 amaria,
976 3529 1030 3586 d.
1059 3529 1115 3585 h.
1145 3527 1246 3584 auf
1274 3528 1467 3583 Grund
1494 3527 1595 3582 der

470 3597 981 3655 Verwandtschaft
993 3599 1101 3655 mit
1134 3599 1280 3666 ihm;
1320 3599 1435 3670 vgl.
1470 3600 1594 3653 iare

474 3672 777 3739 amicitiae,
814 3672 1073 3738 foederis,
1111 3671 1254 3725 auch
1290 3671 1422 3726 iura
1458 3671 1594 3725 ami-

472 3744 636 3798 citiae
658 3743 777 3797 Liv.
801 3749 851 3797 1.
874 3748 959 3796 34.
983 3747 1065 3796 12.
1087 3773 1157 3781 -
1188 3742 1594 3796 Musicanis.

476 3811 567 3868 818
593 3815 859 3869 wohnten
886 3830 979 3868 am
1005 3811 1187 3881 Indus,
1226 3829 1271 3868 c.
1302 3817 1371 3868 60
1390 3810 1596 3867 11181188

472 3901 585 3940 von
612 3884 794 3939 seiner
820 3884 1127 3952 Mundung.
1200 3883 1325 3938 11118
1352 3883 1593 3937 Fursten

472 3956 696 4012 hiessen
742 3955 1015 4010 ebenfalls
1062 3954 1336 4010 Musicani
1372 3953 1592 4024 (altind.

477 4027 778 4094 Mushika).

550 4105 632 4152 11.
654 4099 827 4153 Inde
844 4097 928 4152 ad
942 4097 1275 4152 Praestos.
1301 4095 1594 4153 DieStelle

473 4169 549 4223 ist
584 4169 768 4225 sicher
801 4168 1081 4222 verderbt.
1146 4168 1200 4222 N
1200 4167 1424 4238 irgends
1452 4166 1594 4222 wird

476 4240 567 4293 ein
613 4239 763 4294 Volk
807 4239 987 4294 dieses
1034 4239 1278 4294 Namens
1324 4239 1592 4294 erwahnt.

476 4305 581 4362 Die
617 4309 854 4380 fibrigen
886 4309 1288 4366 Schriftstellcr
1323 4311 1594 4381 sprechen

1698 2535 1847 2589 ohne
1891 2535 2124 2604 Angabe
2177 2535 2328 2589 eines
2373 2532 2814 2590 Volkernamens

1698 2622 1810 2661 von
1858 2606 2043 2660 8188111
2077 2605 2286 2660 Reiche
2332 2604 2431 2658 des
2467 2603 2813 2672 Porticanus,

1697 2677 1818 2732 bez.
1865 2677 1984 2745 Oxy
1985 2692 2169 2731 canus.
2243 2675 2324 2729 Zu
2371 2676 2471 2730 der
2515 2673 2812 2731 Construk-

1699 2747 1820 2802 tion
1856 2753 1907 2802 et
1941 2749 2132 2834 ipsam
2149 2747 2281 2802 Ind.
2309 2751 2515 2816 yentem
2551 2747 2666 2816 vgl.
2693 2747 2811 2799 Arr.

1702 2823 1943 2874 6.15.1
1994 2812 2132 2887 παρ’
2169 2813 2474 2872 Ὀσσαδίων
2511 2817 2628 2872 καὶ
2663 2813 2810 2872 τού·
2829 2823 2832 2826 ’

1699 2907 1820 2943 του
1898 2886 2098 2957 γένους
2171 2883 2492 2958 αὐτονόμου
2560 2883 2807 2942 Ἰνδικοῦ.

1702 2959 2012 3030 Uebrigens
2055 2977 2097 3014 s.
2137 2961 2246 3014 den
2281 2959 2411 3016 krit.
2448 2959 2808 3030 Anhang.—

1704 3031 2138 3085 Porticanus.
2214 3031 2376 3086 Auch
2430 3029 2642 3084 Diodor
2703 3027 2811 3084 und

1701 3101 1904 3157 Strabo
1959 3100 2142 3156 haben
2195 3101 2348 3156 diese
2397 3101 2812 3163 Namensform3

1699 3171 1904 3226 Arrian
1939 3175 2112 3226 nennt
2147 3171 2247 3226 ibn
2285 3173 2406 3242 Oxy
2407 3189 2593 3228 canus.

1775 3249 1856 3298 13.
1891 3243 2142 3309 Sambi,
2161 3242 2361 3298 altind.
2367 3190 2649 3298 8881111111.
2687 3240 2812 3296 Scin

1698 3313 1879 3383 Land,
1925 3314 2164 3369 welches
2209 3315 2319 3370 den
2353 3313 2521 3368 Indus
2559 3332 2659 3368 zur
2693 3312 2809 3368 Ost-

1699 3401 1899 3456 grenze
1936 3385 2113 3454 hatte,
2150 3385 2298 3440 hiess
2337 3384 2678 3451 Sindolia3
2722 3397 2810 3452 ge-

1699 3458 1878 3510 nannt
1931 3472 2040 3512 von
2095 3456 2311 3512 Sindhu
2357 3481 2424 3501 =
2469 3455 2670 3523 Indus,
2724 3453 2810 3506 die

1700 3526 1826 3582 Hau
1827 3527 2046 3608 ptstadt
2073 3527 2364 3582 desselben
2392 3526 2650 3582 81811118
2663 3539 2808 3588 ana

1703 3614 1777 3652 an
1831 3596 1912 3653 818
1969 3598 2042 3654 ist
2091 3598 2242 3653 wohl
2285 3598 2378 3653 bei
2421 3597 2809 3653 validissimam

1701 3669 1888 3724 arbem
1915 3669 2238 3750 zudenken5
2260 3697 2327 3709 ·-·
2355 3669 2648 3736 suffossi
2672 3681 2808 3736 spe·

1703 3755 1844 3806 cus,
1889 3740 1942 3796 d
1971 3739 2006 3795 i.
2055 3741 2170 3794 der
2215 3739 2284 3793 in
2320 3740 2440 3794 der
2473 3738 2664 3795 Tiefe
2701 3753 2807 3807 ge·

1702 3812 2047 3880 rabenen
2064 3811 2270 3879 Mine
2292 3827 2482 3880 specus
2499 3811 2642 3866 auch
2661 3809 2810 3864 sonst

1703 3907 1771 3928 =
1799 3883 2101 3938 cuniculus.
2149 3881 2516 3937 Gcwohnlich
2537 3880 2674 3936 wird
2699 3876 2808 3942 suf-

1700 3953 1883 4078 fodere
1935 3955 2108 4009 trans.
2165 3953 2499 4022 gebraucht‚
2555 3968 2615 4007 80
2669 3947 2809 4005 811811

1777 4100 1855 4150 15.
1917 4093 2191 4149 LXXX
2232 4096 2452 4162 milia,
2505 4088 2809 4148 verbessert

1699 4166 1846 4221 nach
1910 4164 2149 4232 Diodor;
2215 4167 2306 4221 die
2359 4165 2567 4221 Hdsch.
2631 4161 2808 4218 haben

1699 4236 1964 4290 DXXX.
2023 4267 2090 4276 -—·
2147 4237 2568 4304 Clitarchus,
2624 4253 2663 4289 s.
2719 4229 2805 4285 die

1699 4307 2140 4378 literaturgesch.
2179 4308 2323 4363 Einl.
2364 4307 2420 4364 8.
2458 4313 2507 4363 5.
