3069 4749
420 101 551 167 218
1114 192 1121 197 Ι
1333 101 1399 168 Q.
1436 100 1661 159 CURTI
1697 101 1872 156 RUFI

419 265 833 421 ξῖἷιῖἶέἒᾚ.
851 263 2392 437 εἰῗῗέἓὲξῗῬιῖἱᾙιὲἑῗᾷῐθᾚᾘεῇιέἓῗὲὲ
2431 266 2794 418 ἶξεὲἳῗῗ

419 445 679 527 pererat
714 448 800 526 et,
838 464 1231 528 quamquam
1267 442 1559 526 ipsorum
1596 441 1755 507 luxu
1790 445 2194 507 contractum
2225 446 2384 526 erat,
2419 439 2790 507 dissolvere

318 546 386 595 10
422 538 642 597 tamen
698 532 839 616 ipse
893 531 1283 597 decreverat.
1372 530 1483 595 Illi
1534 531 1848 615 temptari
1909 532 2090 615 ipsos
2133 531 2289 612 rati,
2346 551 2472 614 quo
2517 529 2790 596 facilius

423 622 511 685 ab
553 621 830 705 integris
877 623 1293 704 sumptuosos
1332 620 1750 703 discerneret,
1798 619 2188 705 prolatando
2226 618 2632 704 aliquantum
2669 640 2786 685 ex-

420 713 758 775 traxerant
820 710 1154 794 temporis.
1257 708 1347 773 Et
1408 730 1521 773 rex
1587 710 1748 773 satis
1815 728 2087 793 gnarus,
2151 707 2542 791 professioni
2605 708 2786 773 aeris

420 798 765 883 pudorem,
809 820 941 863 non
988 797 1465 863 contumaciam
1512 798 1801 879 obstare,
1847 817 2104 863 mensas
2151 797 2311 861 totis
2349 796 2582 861 castris
2620 798 2786 880 poni

314 900 378 949 11
418 889 611 953 iussit
666 892 733 953 et
786 906 835 953 x
881 886 1067 951 milia
1128 886 1451 951 talentum
1514 886 1814 970 proferri.
1912 886 2080 951 Tum
2139 886 2400 951 demum
2453 906 2592 950 emm
2649 884 2786 951 fide

416 975 592 1041 faeta
637 975 957 1060 professio
1004 978 1124 1041 est.
1195 974 1335 1040 Nec
1382 974 1662 1059 amplius
1707 996 1788 1039 ex
1831 978 2022 1040 tanta
2065 974 2340 1059 pecunia
2387 996 2582 1059 quam
2619 991 2661 1040 c
2708 979 2783 1040 et

417 1083 563 1129 xxx
600 1065 853 1130 talenta
890 1064 1281 1149 superfuere.
1362 1062 1546 1129 Adeo
1584 1063 1698 1129 ille
1735 1064 2052 1129 exereitus
2091 1067 2194 1130 tot
2231 1062 2782 1129 divitissimarum

418 1153 713 1238 gentium
760 1154 968 1219 victor
1010 1152 1161 1237 plus
1207 1156 1429 1218 tamen
1474 1153 1786 1218 victoriae
1834 1174 2030 1237 quam
2073 1154 2352 1237 praedae
2398 1151 2781 1235 deportavit

314 1256 381 1303 12
420 1264 498 1307 ex
538 1240 720 1307 Asia.
793 1240 1095 1309 Ceterum
1140 1246 1216 1307 ut
1262 1242 1600 1345 cognitum
1647 1245 1748 1307 est
1793 1240 1957 1309 alios
2004 1242 2253 1305 remitti
2301 1242 2557 1326 domos,
2603 1239 2780 1307 alios
2801 1244 2844 1309 9

415 1331 705 1415 retineri,
748 1336 1131 1416 perpetuam
1174 1352 1323 1397 eum
1366 1331 1557 1415 regni
1603 1328 1821 1395 sedem
1865 1330 1937 1395 in
1983 1329 2147 1395 Asia
2191 1330 2578 1396 habiturum
2623 1331 2783 1416 rati,

416 1421 718 1486 vecordes
768 1423 836 1485 et
883 1419 1264 1503 disciplinae
1308 1419 1616 1484 militaris
1661 1420 2076 1485 immemores
2124 1418 2452 1485 seditiosis
2502 1419 2780 1485 vocibus

416 1512 632 1574 castra
697 1510 1007 1592 conplent
1065 1529 1415 1594 regemque
1469 1508 1746 1573 ferocius
1803 1530 1997 1593 quam
2053 1508 2218 1573 alias
2275 1506 2487 1573 adorti
2545 1530 2775 1573 omnes

418 1598 615 1666 simul
660 1597 1035 1664 missionem
1081 1596 1413 1681 postulare
1460 1600 1810 1680 coeperunt
1857 1596 2174 1662 deformia
2210 1618 2324 1663 ora
2361 1596 2775 1662 cicatricibus

316 1700 381 1748 13
421 1687 853 1771 canitiemque
899 1686 1189 1771 capitum
1235 1688 1658 1752 ostentante&
1729 1684 1868 1751 Nec
1916 1689 2030 1751 aut
2065 1685 2544 1770 praefectorum
2583 1687 2776 1751 casti-

416 1775 683 1860 gatione
741 1780 853 1841 aut
908 1774 1295 1841 verecundia
1358 1774 1529 1860 regis
1585 1773 1879 1839 deterriti
1923 1775 2326 1841 tumultuoso
2373 1774 2656 1841 clamore
2705 1780 2776 1841 et

415 1863 686 1929 militari
749 1864 1064 1929 violentia
1128 1864 1459 1930 volentem
1522 1864 1706 1948 loqui
1761 1862 2146 1929 inhibebant
2197 1863 2417 1947 palam
2474 1863 2777 1948 professi,

307 1966 377 2015 14
413 1974 735 2037 nusquam
790 1953 939 2019 inde
994 1952 1122 2017 nisi
1165 1954 1235 2017 in
1282 1952 1567 2039 patriam
1611 1952 1963 2038 vestigium
2009 1974 2150 2017 esse
2197 1956 2510 2019 moturos.
2601 1952 2776 2017 Tan-

414 2042 561 2107 dem
616 2042 877 2108 silentio
931 2042 1133 2125 facto,
1194 2042 1405 2126 magis
1461 2042 1614 2125 quia
1659 2045 1910 2107 motum
1955 2064 2095 2107 esse
2141 2041 2517 2125 credebant,
2574 2062 2776 2125 quam

414 2131 569 2215 quia
607 2131 737 2215 ipsi
773 2130 1025 2197 moveri
1060 2134 1388 2216 poterant,
1435 2130 1746 2216 quidnam
1783 2133 2046 2195 acturus
2085 2134 2283 2214 esset,
2321 2129 2772 2213 expectabant.

306 2232 375 2282 15
411 2218 563 2305 Ille,
619 2218 819 2297 ‘Quid
867 2218 1086 2304 haee,'
1142 2219 1387 2305 inquit,
1433 2218 1698 2304 ‘repens
1746 2219 2183 2284 consternatio
2229 2222 2298 2283 et
2341 2221 2479 2283 tam
2525 2240 2770 2303 procax

411 2311 605 2393 atque
663 2308 863 2373 effusa
908 2308 1177 2374 licentia
1222 2308 1610 2373 denuntiat?
1700 2306 1943 2394 Eloqui
1989 2310 2224 2374 metuo.
2315 2306 2542 2372 Palam
2589 2312 2767 2373 certe

409 2397 677 2483 rupistis
736 2398 1081 2484 imperium
1137 2401 1203 2463 et
1254 2398 1546 2480 precario
1602 2420 1718 2462 rex
1772 2420 1943 2481 sum,
2007 2398 2110 2462 cui
2161 2419 2288 2464 non
2347 2396 2755 2483 adloquendi,

410 2573 517 2627 wie
555 2589 684 2627 man
721 2575 969 2643 gemeint
1002 2573 1105 2628 hat
1140 2574 1206 2642 (s.
1241 2579 1289 2627 9.
1324 2579 1404 2627 10.
1438 2576 1531 2638 183
1715 2578 1796 2627 14.
1833 2589 2025 2642 quam
2059 2573 2222 2642 quia
2257 2573 2295 2626 i.
2328 2589 2396 2627 m.
2429 2579 2756 2642 poterant

408 2649 461 2698 5.
504 2648 550 2697 1.
590 2648 685 2711 433
737 2651 785 2700 5.
834 2649 884 2698 6.
936 2650 1050 2713 17),
1096 2643 1335 2699 sondern
1381 2643 1532 2699 wohl
1639 2645 1774 2698 Man
1810 2647 2074 2698 erwartet
2107 2659 2274 2713 quam
2307 2645 2442 2713 quia
2467 2645 2630 2712 (ipsi)
2653 2661 2770 2700 mo-

411 2715 513 2769 das
572 2714 905 2783 Bestreben‚
966 2716 1312 2785 cupientibus
1374 2720 1531 2784 mog·
1639 2716 1906 2770 vehantur
1939 2721 2058 2770 aut
2085 2716 2357 2783 (omuino)
2383 2717 2586 2771 moveri
2611 2723 2765 2784 pote·

410 2785 583 2841 lichst
618 2786 1091 2842 hervorzuheben.
1639 2791 1786 2841 rant.
1863 2786 2141 2840 Aehnlich
2187 2791 2236 2840 9.
2287 2793 2335 2842 6.
2373 2793 2442 2840 13
2480 2788 2768 2856 potuimus
2835 2813 2840 2816 ·

484 2862 568 2914 10.
604 2859 912 2927 inteyris.
972 2857 1235 2912 Gemeint
1261 2857 1386 2911 sind
1418 2857 1533 2912 ‘die
1631 2858 1902 2926 persequi.
1979 2857 2166 2926 Vergl.
2211 2857 2358 2912 auch
2403 2856 2548 2912 Vell.
2601 2863 2646 2913 1.
2698 2865 2764 2913 12

408 2930 587 2996 guten
614 2929 1006 2984 Haushalter'.
1076 2928 1267 2997 Vergl.
1303 2929 1534 2995 fortuma
1639 2929 1818 2997 mayis
1870 2928 2006 2997 quia
2047 2928 2302 2983 volebant
2345 2930 2557 2984 credere
2599 2946 2766 2998 quam

410 3000 954 3137 matzatz.
973 2998 1531 3139 Zdssssssttssiffiffi
1639 2999 2088 3127 ς’ἴίἷὲῃίῗωὲἓα
2101 2999 2616 3140 ..φξῗὶἔῗῖἔώἓὸ
2649 2997 2766 3126 ἳῖἶῐ

485 3147 569 3196 11.
599 3159 741 3196 cum
765 3142 921 3209 fide.
968 3141 1329 3196 Uebersetze.
1361 3140 1533 3196 ohne
1639 3089 1778 3212 guia
1847 3147 2183 3196 concurrunt
2246 3143 2625 3196 contentiones
2691 3173 2760 3182 —

407 3211 782 3280 Rfickhalt,
810 3210 1323 3282 gewissenhaft.
1374 3211 1538 3266 Nach
1644 3217 1940 3267 acturus,
2030 3209 2163 3267 Man
2227 3211 2410 3268 denke
2465 3212 2631 3267 dabei
2689 3229 2764 3267 an

410 3282 622 3339 Diodor
688 3283 947 3339 bezahlte
1010 3282 1330 3337 Alexander
1391 3283 1536 3337 nahe
1645 3284 1895 3338 Plu-ason
1947 3282 2054 3337 wie
2099 3299 2258 3352 ayere
2301 3299 2424 3338 cum
2477 3284 2764 3350 militibus,

410 3371 485 3408 an
532 3359 599 3408 10
601 3359 722 3422 ,000
772 3353 1023 3408 Talente.
1064 3383 1133 3394 —-
1179 3354 1538 3419 victoriae,
1637 3355 1864 3424 populo.

414 3424 929 3495 (διεςεει-ιὼιιιζ
1715 3429 1794 3480 15.
1836 3425 1971 3480 Ille
2006 3425 2110 3480 wie
2147 3429 2198 3480 4.
2239 3431 2285 3480 ’1.
2325 3431 2422 3492 253
2464 3444 2501 3482 v
2541 3426 2577 3479 1.
2617 3427 2766 3481 auch

484 3501 567 3550 12.
604 3513 797 3566 quam
832 3496 1011 3550 alias
1038 3495 1090 3548 d.
1119 3496 1175 3549 h.
1204 3494 1289 3550 als
1320 3495 1380 3566 je
1408 3512 1531 3551 vor·
1636 3497 1785 3552 noch
1813 3503 1860 3550 3.
1891 3501 1973 3550 12.
2010 3502 2092 3551 11.
2157 3497 2326 3552 Sonst
2359 3499 2488 3567 sagt
2555 3499 2664 3552 urt.
2701 3497 2763 3552 in

408 3567 529 3621 her.
600 3567 764 3621 Nach
807 3569 929 3621 Art.
952 3573 1016 3623 -.7
1059 3572 1088 3621 7
1134 3565 1269 3621 fami
1314 3567 1405 3622 die
1450 3569 1530 3622 im
1637 3567 1850 3622 diesem
1885 3567 2044 3622 Falle
2078 3567 2303 3634 immer,
2340 3568 2447 3622 wie
2485 3567 2576 3622 die
2607 3567 2761 3624 Clas-

408 3637 734 3718 Folgenden
762 3637 1007 3692 erzahlte
1035 3637 1351 3693 Monterei'
1335 3657 1395 3693 ιιι
1431 3637 1531 3693 der
1639 3638 1816 3706 siker,
1863 3644 1925 3693 at
1968 3639 2086 3702 ille,
2129 3643 2247 3694 tum
2291 3639 2412 3706 ille,
2457 3644 2508 3694 et
2543 3641 2652 3694 ille.
2691 3669 2760 3680 --

410 3708 595 3764 stadt·
622 3707 757 3778 Opis
803 3725 896 3762 am
943 3707 1126 3778 Tigris
1173 3710 1336 3777 statt,
1380 3708 1529 3764 nach
1637 3709 2025 3776 denuntiat,
2066 3710 2218 3764 ‘hat
2253 3727 2328 3764 zu
2364 3710 2760 3765 bedenten'.

409 3779 624 3836 Diodor
656 3781 716 3834 in
744 3779 909 3849 Susa,
945 3779 1283 3850 wenigstens
1310 3780 1531 3850 ergiebt
1637 3781 1800 3835 Auch
1863 3779 2056 3836 Cicero
2128 3781 2368 3835 braucht
2435 3781 2534 3836 das
2596 3781 2763 3836 Wort

410 3850 530 3906 sich
567 3851 684 3905 dies
720 3851 813 3906 bei
846 3851 969 3906 ihm
996 3869 1095 3908 aus
1134 3849 1263 3906 dem
1288 3851 1529 3907 Oonnex.
1637 3867 1750 3906 von
1771 3851 2284 3921 Vorbedeutnngen
2317 3852 2434 3906 und
2457 3851 2758 3924 Anaeigen.

483 3928 565 3978 13.
622 3922 759 3978 Nec
810 3940 917 3977 nur
970 3941 1039 3976 zu
1084 3924 1372 3992 perterriti
1434 3939 1529 3993 ge-
1638 3921 1860 3978 Ebenso
1901 3921 1960 3976 Ο.
1997 3928 2046 3976 4.
2087 3927 2134 3978 6.
2177 3928 2270 3988 14,
2312 3929 2396 3978 16.
2430 3953 2498 3962 —-
2533 3923 2762 3993 eloqui

409 3993 589 4064 herig.
653 3994 875 4050 Ebenso
912 4009 1011 4048 nec
1044 3994 1273 4063 repertus
1308 3999 1529 4058 9.9.1·
1636 3999 1867 4048 metuo.
1923 3965 2304 4058 S.Ein1.§3'4
2340 4012 2410 4047 u.
2429 3993 2542 4064 vgl.
2579 3995 2761 4064 eloqui

406 4081 506 4120 ‘noc
570 4081 735 4120 ausos
794 4067 968 4120 unten
1023 4071 1055 4130 ξ
1110 4070 1195 4119 30.
1252 4093 1322 4104 -
1376 4069 1527 4118 vest.
1637 4065 1866 4119 timeo4.
1889 4069 1974 4120 10.
1993 4069 2086 4131 2⁷3
2115 4070 2164 4120 9.
2187 4071 2236 4120 6.
2261 4069 2426 4121 12.-
2365 4065 2759 4134 —rupistia

407 4142 717 4190 moturos,
783 4135 912 4206 Vgl.
938 4135 1058 4191 Liv.
1090 4141 1175 4190 21.
1206 4141 1293 4190 44.
1330 4140 1363 4189 6
1401 4149 1529 4190 nus-
1638 4134 1769 4205 Vgl.
1797 4135 1886 4190 die
1904 4134 2302 4191 Livianisehen
2323 4135 2574 4190 Phrasen
2608 4153 2760 4192 rum·

408 4221 573 4270 quam
610 4211 661 4260 te
693 4207 919 4276 vestiqio
952 4207 1181 4261 movms
1212 4205 1265 4262 d.
1295 4205 1331 4259 i.
1360 4205 1529 4260 rfihre
1629 4223 1761 4275 pere
1813 4206 2030 4272 foedus,
2083 4207 2213 4262 iura
2224 4247 2242 4273 ,
2295 4208 2622 4262 sacramenti
2673 4223 2757 4262 re-

409 4273 543 4326 dich
578 4274 735 4330 nieht
769 4291 881 4331 von
916 4277 1017 4332 der
1053 4275 1243 4332 Stelle.
1636 4278 1892 4347 liqionem
1925 4294 1978 4332 u.
2015 4275 2148 4332 Tae.
2185 4277 2317 4332 hist.
2347 4283 2396 4334 3.
2431 4283 2494 4333 19
2529 4279 2761 4348 ruptum·
