3069 4749
927 204 1428 258 HISTORIARUM
1461 204 1883 259 ALEXANDRI
1919 206 2020 272 111,
2061 210 2144 260 11.
2611 204 2697 270 99

349 368 509 433 riter
556 366 931 451 equitesque
986 365 1358 451 Persarum,
1412 365 1580 431 serie
1635 367 2000 431 lamnarum
2055 386 2314 451 graves,
2365 366 2432 431 id
2493 388 2697 453 genus

348 476 639 541 pugnae,
694 455 867 541 quod
920 454 1253 519 celeritate
1308 455 1587 520 maxime
1640 458 1933 538 constat,
1987 465 2180 540 aegre
2237 454 2698 521 moliebanturz

350 545 587 629 quippe
634 544 705 608 in
750 544 1263 627 circumagendis
1318 544 1503 628 equis
1560 544 1696 609 suis
1759 563 1858 609 eos
1911 543 2211 609 Thessali
2262 543 2457 609 inulti
2511 566 2696 611 occu·
2828 572 2843 644 ,s

399 636 689 699 averant.
2819 647 2828 671 ·’

239 722 329 788 28
351 656 396 718 P
528 721 673 787 Hac
718 726 855 786 tam
898 742 1213 805 prospera
1265 741 1487 805 pugna
1540 721 1848 786 nuntiata
1899 720 2294 803 Alexander,
2350 740 2486 787 non
2547 724 2696 787 ante
2738 709 2806 785 16¹

352 832 548 876 ausus
594 810 892 893 persequi
939 808 1275 894 barbaros,
1320 810 1644 893 utrimque
1689 810 1822 873 iam
1880 809 2090 875 victor
2144 810 2388 874 instare
2443 810 2698 895 fugien-

350 900 527 964 tibus
575 898 806 983 coepit.
894 897 1087 964 Haud
1132 898 1411 982 amplius
1454 919 1678 985 regem
1725 918 1922 982 quam
1968 898 2148 963 mille
2185 898 2431 982 equites
2473 918 2696 982 seque·
2739 913 2805 964 17

349 987 608 1071 bantur,
654 1008 801 1052 cum
846 986 1079 1071 ingens
1124 986 1473 1051 multitudo
1517 986 1809 1052 hostium
1855 986 2130 1052 cederet.
2221 984 2346 1051 Sed
2393 986 2538 1072 quis
2586 990 2700 1051 aut

348 1077 420 1140 in
456 1076 734 1141 victoria
771 1080 885 1141 aut
920 1078 991 1141 in
1026 1076 1183 1161 fuga
1222 1075 1442 1159 copias
1478 1076 1822 1141 numerat?
1896 1076 2280 1160 Agebantur
2307 1094 2466 1159 ergo
2497 1098 2536 1139 a
2562 1078 2698 1140 tam

348 1166 577 1249 paucis
622 1185 929 1249 pecorum
976 1162 1169 1229 modo
1218 1168 1283 1229 et
1326 1163 1497 1229 idem
1543 1167 1776 1248 metus,
1821 1165 1933 1247 qui
1979 1165 2256 1249 cogebat
2301 1164 2553 1249 fugere,
2596 1163 2698 1229 fu·-

348 1254 605 1339 gientes
650 1254 1048 1318 morabatur.
1120 1251 1213 1317 At
1240 1252 1488 1336 Graeci,
1515 1252 1626 1338 qui
1671 1253 1742 1318 in
1767 1252 1968 1317 Darei
2011 1254 2310 1337 partibus
2357 1256 2699 1336 steterant,
2737 1270 2805 1319 18

350 1338 643 1427 Amynta
690 1342 847 1407 duce
898 1376 976 1389 -—
1025 1345 1289 1425 praetor
1332 1341 1440 1407 hic
1484 1338 1838 1406 Alexandri
1879 1340 2111 1425 fuerat,
2155 1345 2313 1407 tunc
2357 1341 2700 1426 transfuga

346 1466 437 1477 —-
486 1430 745 1515 abrupti
794 1452 831 1495 a
878 1429 1109 1495 ceteris
1153 1429 1327 1495 haud
1375 1452 1529 1496 sane
1583 1429 1986 1514 fugientibus
2043 1428 2285 1495 similes
2341 1433 2697 1495 evaserant.

347 1518 629 1584 Barbari
674 1520 865 1604 longe
912 1518 1233 1584 diversam
1292 1518 1517 1603 fugam
1575 1518 2019 1583 intenderunt:
2077 1519 2216 1603 alii,
2271 1540 2398 1603 qua
2449 1521 2702 1583 rectum
2742 1537 2810 1588 19

348 1608 479 1674 iter
516 1609 587 1673 in
613 1607 947 1673 Persidem
985 1607 1281 1692 ducebat,
1307 1607 1571 1692 quidam
1609 1608 1882 1673 circuitu
1918 1628 2112 1691 rupes
2151 1606 2486 1692 saltusque
2521 1628 2702 1671 mon-

348 1696 519 1763 tium
566 1698 851 1762 occultos
896 1697 1202 1781 petivere,
1245 1696 1439 1780 pauci
1484 1700 1700 1762 castra
1745 1696 1959 1761 Darei.
2034 1694 2158 1761 Sed
2205 1698 2337 1762 iam
2383 1689 2497 1761 illa
2541 1718 2698 1780 quo·
2738 1715 2817 1767 20
2853 1690 2858 1697 ⁶

349 1807 475 1869 que
530 1788 736 1850 victor
789 1785 1151 1850 intraverat
1214 1785 1395 1850 omni
1456 1784 1716 1869 quidem
1785 1785 2118 1867 opulentia
2178 1785 2355 1850 ditia.
2455 1784 2701 1869 Ingens
2903 1782 2907 1787 ’

350 1873 493 1939 auri
540 1874 923 1958 argentique
969 1874 1242 1959 pondus,
1287 1895 1423 1939 non
1468 1873 1623 1938 belli
1669 1873 1782 1937 sed
1827 1874 2124 1938 luxuriae
2161 1876 2564 1957 apparatum,
2610 1873 2702 1936 di-

345 1963 687 2046 ripuerant
729 1962 991 2028 milites.
1068 1960 1359 2047 Cumque
1402 1962 1551 2049 plus
1599 1965 1922 2048 raperent,
1959 1982 2150 2045 quam
2185 1982 2398 2045 capere
2428 1966 2700 2047 possent,

348 2050 593 2135 passim
643 2054 853 2117 strata
898 2054 1085 2115 erant
1129 2051 1369 2116 itinera
1411 2051 1751 2116 vilioribus
1797 2050 2088 2135 sarcinis,
2135 2072 2293 2135 quas
2335 2051 2404 2115 in
2441 2070 2698 2133 compa-

346 2139 606 2205 ratione
649 2140 989 2205 meliorum
1046 2140 1319 2205 avaritia
1374 2142 1872 2225 contempserat.
1963 2139 2228 2225 Iamque
2283 2138 2364 2205 ad
2421 2138 2698 2203 feminas
2739 2158 2808 2208 21

346 2232 732 2312 perventum
778 2233 935 2312 erat,
972 2229 1205 2313 quibus
1246 2250 1373 2313 quo
1415 2230 1669 2294 cariora
1711 2233 2096 2295 ornamenta
2137 2231 2308 2315 sunt,
2348 2228 2699 2293 violentius

350 2317 882 2384 detrahebantur:
936 2339 1021 2382 ne
1075 2316 1453 2402 corporibus
1509 2319 1768 2404 quidem
1825 2318 1926 2384 vis
1981 2337 2058 2384 ac
2112 2317 2313 2384 libido
2367 2316 2695 2402 parcebat.

348 2407 547 2473 Omni
588 2407 859 2490 planctu
916 2407 1351 2492 tumultuque,
1405 2411 1602 2491 prout
1655 2409 1882 2494 cuique
1938 2407 2206 2473 fortuna
2261 2413 2428 2492 erat,
2485 2409 2701 2472 castra
2740 2427 2810 2478 22

348 2495 778 2579 repleverant,
813 2517 933 2560 nec
968 2497 1102 2560 ulla
1135 2495 1335 2561 facies
1375 2496 1534 2560 mali
1572 2497 1810 2574 deerat,
1848 2518 1995 2562 cum
2031 2518 2146 2580 per
2173 2518 2400 2562 omnes
2441 2495 2702 2560 ordines

350 2588 723 2668 aetatesque
770 2583 1033 2649 victoris
1081 2583 1429 2650 crudelitas
1474 2607 1552 2650 ac
1587 2585 1852 2650 licentia
1892 2589 2254 2669 vagaretur.
2326 2583 2508 2648 Tunc
2546 2605 2699 2649 vero
2741 2603 2811 2653 23

354 2673 713 2758 inpotentis
761 2673 1060 2739 fortunae
1108 2673 1353 2757 species
1400 2674 1692 2758 conspici
1736 2672 1969 2758 potuit,
2015 2694 2163 2738 cum
2206 2673 2286 2757 ii,
2331 2673 2443 2757 qui
2486 2671 2701 2737 Dareo

426 2887 509 2940 15.
558 2885 953 2938 lamnarum?
1027 2883 1244 2938 lamnae
1286 2883 1473 2950 (lami-
1583 2882 1736 2938 solbe
1773 2882 1986 2935 Phrase
2032 2881 2134 2936 hat
2177 2881 2235 2938 C.
2275 2881 2421 2934 auch
2467 2885 2518 2933 4.
2564 2885 2612 2934 1.
2651 2885 2702 2933 2.

350 2959 482 3024 nae)
502 2954 652 3009 sind:
682 2955 1133 3022 Panzerplatten‚
1155 2953 1471 3026 Schuppen.
1583 2953 1678 3008 Sie
1714 2952 1792 3008 ist
1827 2952 2082 3022 gebildct
2115 2952 2262 3006 nach
2297 2950 2400 3006 der
2422 2949 2704 3020 Analogia

350 3056 419 3066 -
457 3027 531 3080 id
574 3041 781 3095 ymas
827 3041 1102 3095 puynae
1158 3050 1226 3070 =
1282 3025 1473 3080 disse
1583 3040 1696 3079 von
1745 3025 2024 3079 intendere
2067 3025 2241 3090 viam,
2277 3023 2397 3078 iter.
2469 3019 2705 3076 Austatt

348 3095 750 3164 Evolution,
823 3095 1053 3150 dieses
1127 3096 1472 3162 Manoven
1581 3096 1678 3150 via
1711 3095 1820 3162 fert
1856 3095 1990 3164 sagt
2032 3093 2179 3148 auch
2225 3094 2402 3148 sehon
2446 3093 2568 3148 Liv.
2609 3093 2706 3148 via

350 3172 563 3224 constat
581 3167 689 3221 wie
708 3171 759 3222 8.
774 3171 824 3222 8.
844 3172 928 3222 15.
952 3167 1029 3220 M
1034 3168 1473 3237 oliri‚eigentl.
1583 3167 1738 3221 ducit
1775 3161 1966 3235 (ἄγει).
2006 3193 2076 3206 --
2113 3165 2436 3231 occultos,
2475 3165 2703 3232 betont3

349 3238 475 3294 eine
531 3239 740 3300 Masso,
765 3237 848 3292 ‘in
883 3239 1226 3309 Bewegung’
1268 3241 1475 3304 setzen,
1583 3237 1731 3291 denn
1769 3237 1860 3291 die
1897 3236 2103 3291 Flucht
2145 3237 2292 3290 nach
2339 3234 2450 3290 den
2485 3235 2706 3304 Bergen

346 3308 523 3364 heifst
556 3307 899 3379 fiber-tragon
946 3309 1094 3362 auch
1142 3309 1339 3364 ‘etwas
1384 3309 1473 3363 ins
1579 3307 1978 3377 uberhaupt
2014 3323 2132 3362 war
2164 3306 2298 3361 kein
2334 3306 2587 3374 Umweg.

350 3380 531 3435 Werk
562 3380 805 3447 setzen’3
834 3396 895 3434 so
922 3380 1112 3434 moliri
1134 3381 1277 3436 ictus
1304 3385 1351 3436 8.
1389 3385 1471 3434 14.
1653 3401 1738 3452 20,
1769 3397 1978 3464 ditia,
2009 3413 2054 3452 Β,
2088 3401 2167 3450 10,
2202 3397 2284 3449 10,
2319 3425 2384 3434 ..
2405 3395 2566 3463 pzug
2594 3409 2705 3448 ra-

350 3456 445 3518 ¹93
482 3465 571 3506 '⁶⁸
606 3455 654 3506 5·
694 3458 742 3506 '7-
786 3457 841 3518 ¹3
880 3451 1096 3507 “dmm
1132 3457 1181 3506 ⁶·
1222 3457 1271 3506 ⁶·
1308 3456 1379 3506 28
1418 3468 1470 3504 Π·
1571 3472 1828 3538 perant.
1906 3466 2060 3522 Ganz
2097 3465 2327 3521 ahnlich
2367 3470 2416 3519 ὅ.
2457 3471 2506 3519 6.
2545 3469 2595 3519 4.
2638 3495 2734 3508 --

347 3523 570 3606 ΐϋθᾳῖΰ,
621 3523 754 3606 5²5⁷,
803 3538 1027 3609 ζ’ῑθῒαηῑ,
1059 3521 1152 3576 ’ὓθὶ
1188 3520 1471 3609 DiChliem·
1581 3540 1656 3594 in
1683 3539 2188 3608 comparatione
2216 3555 2261 3592 c.
2284 3553 2408 3607 gen.
2429 3534 2506 3590 ist
2531 3535 2707 3590 nach-

349 3623 421 3634 ····
456 3594 702 3662 WW'st‘v
740 3593 950 3664 gnech.
990 3594 1259 3666 αβλαβὸἴς
1291 3593 1474 3662 αὐῐθί»
1582 3608 1889 3675 klassisch3
1925 3609 2071 3664 doch
2110 3609 2253 3664 ohne
2301 3623 2428 3678 gen.
2465 3606 2524 3660 in
2561 3605 2706 3675 glei-

350 3664 926 3734 UnssngefOGhfien·
1585 3680 1719 3734 cher
1770 3679 2104 3750 Bedeutung
2157 3678 2368 3734 bereits
2425 3677 2540 3733 Cic.
2579 3694 2707 3746 epp.

425 3775 509 3824 16.
549 3771 811 3826 cederet
845 3768 881 3828 i.
922 3770 976 3826 S.
1018 3789 1070 3826 v.
1106 3770 1335 3840 fuyeret,
1370 3769 1477 3824 wie
1587 3753 1668 3807 1⁰·
1713 3754 1759 3805 5·
1802 3756 1851 3804 1·

350 3838 515 3896 Caes.
549 3839 606 3896 b.
647 3841 711 3896 G.
752 3846 801 3895 5.
842 3845 927 3896 34.
1656 3844 1741 3894 21.
1771 3843 2103 3893 sunt=zu
2131 3838 2252 3893 sein
2278 3837 2526 3908 pflcgen3
2562 3835 2710 3890 nach

424 3951 509 4002 17.
547 3948 659 4002 sea
695 3948 864 4016 quis.
902 3947 1009 4002 sin
1046 3946 1341 4001 shnlicher
1369 3945 1475 4000 oe·
1583 3925 1690 3980 ΨΟ
1725 3908 1874 3964 f⁰¹²st
1914 3925 1988 3965 ⁰⁰·
2404 3996 2414 4006 ,
2591 3993 2603 4004 ,

350 4017 537 4072 fimo
575 4023 625 4074 ὅ.
669 4023 751 4072 13,
790 4023 879 4072 22,
1657 4004 1742 4052 22.
1769 3999 2056 4066 planctu
2083 3997 2224 4068 geht
2245 3996 2348 4050 auf
2361 3996 2452 4049 die
2475 3994 2704 4063 Besieg-

1583 4070 1707 4137 ten,
1761 4069 2030 4124 multus
2083 4067 2186 4122 auf
2237 4066 2327 4120 die
2375 4066 2584 4134 Sieger.
2635 4094 2704 4106 —

378 4193 390 4205 .
427 4127 509 4177 ¹3·
547 4124 619 4177 ἡ*
656 4122 733 4178 D·
755 4123 1103 4206 partibus,
1133 4123 1474 4192 unssewbhn·
1583 4146 1950 4209 vagaretur
1969 4140 2058 4193 fur
2074 4141 2433 4209 qrassarebuoe.
2465 4135 2538 4190 So
2560 4137 2708 4191 auch

349 4193 469 4247 hch
504 4192 597 4248 fiir
636 4210 673 4247 a
710 4193 785 4249 D.
808 4195 1084 4263 partaebus,
1124 4212 1165 4249 s.
1194 4195 1259 4248 E.
1287 4200 1374 4249 46.
1407 4222 1475 4232 —
1585 4210 1680 4266 bei
1715 4209 1924 4265 Livius„

352 4263 663 4334 Amynta.
703 4265 866 4319 Mehr
902 4265 1040 4320 fiber
1073 4264 1175 4319 ihn
1210 4272 1261 4322 4.
1303 4271 1349 4320 1.
1388 4268 1477 4322 27.
1659 4303 1743 4353 23·
1781 4298 2162 4368 inpotentis
2196 4297 2514 4363 fortunae
2548 4296 2705 4351 emm

428 4375 511 4424 19.
548 4372 785 4441 fuqam
821 4355 1276 4429 intenderant.
1348 4368 1479 4423 Die·
1586 4369 1958 4425 Wankelmut
1977 4368 2074 4423 des
2096 4366 2353 4422 Gliicks’.
2377 4399 2439 4408 —
2463 4367 2706 4432 Dareo,

2201 4457 2275 4514 7*
