3069 4749
463 96 590 160 152
1365 93 1426 157 Q.
1467 93 1688 149 CURTI
1724 92 1897 148 RUFI

457 256 843 338 severantis,
895 278 1048 320 nam
1095 258 1162 319 et
1213 255 1448 320 itinera
1502 255 1787 321 obsideri
1842 255 2035 322 iussit
2090 257 2155 320 et
2207 258 2418 320 turres
2476 255 2803 322 admoveri

351 362 422 411 2ο
459 349 526 410 et
567 346 866 432 fatigatis
913 345 1078 409 alios
1125 345 1477 410 succedere.
1570 343 1767 409 Cuius
1814 343 2169 428 pertinacia
2204 345 2469 430 cognita
2502 345 2647 410 Indi
2680 368 2803 430 per

458 435 725 500 biduum
771 433 1030 519 quidem
1078 455 1153 498 ac
1199 433 1358 500 duas
1411 435 1655 498 noctes'
1684 455 1830 500 cum
1876 433 2308 500 ostentatione
2353 455 2485 500 non
2530 435 2800 500 fiduciae

457 523 680 608 modo,
739 523 853 588 sed
907 523 1103 587 etiam
1159 521 1468 588 victoriae
1533 522 1779 605 epulati
1836 525 2015 605 sunt,
2079 525 2395 606 tympana
2450 544 2565 588 suo
2620 545 2800 588 more

351 629 415 677 21
456 613 811 695 pulsantes,
910 610 1130 676 Tertia
1182 632 1334 676 vero
1391 613 1581 675 nocte
1636 615 2101 694 tympanorum
2163 611 2421 696 quidem
2486 613 2799 696 strepitus

458 701 739 767 desierat
783 700 1009 782 audiri,
1055 703 1339 764 ceterum
1387 721 1462 764 ex
1506 701 1651 764 tota
1694 704 1881 783 petra
1925 699 2100 766 faces
2146 700 2591 785 refulgebant,
2635 723 2799 785 quas

459 791 884 856 accenderant
928 789 1215 872 barbari,
1270 792 1344 853 ut
1397 789 1603 853 tutior
1657 792 1831 854 esset
1881 789 2044 873 ipsis
2090 789 2249 874 fuga
2292 790 2565 854 obscura
2607 794 2801 854 nocte

352 896 419 944 22
458 901 575 961 per
619 879 796 944 invia
841 900 998 944 saxa
1043 878 1343 943 cursuris.
1432 875 1573 942 Rex
1612 876 1909 960 Balacro,
1956 877 2066 961 qui
2112 877 2573 962 specularetur,
2616 901 2800 962 prae-

458 968 660 1032 misso
722 967 1059 1052 cognoscit
1110 969 1364 1050 petram
1419 965 1579 1051 fuga
1632 965 1941 1032 Indorum
1998 988 2139 1032 esse
2195 966 2531 1032 desertam.
2632 966 2801 1032 Tum

457 1055 609 1120 dato
666 1058 880 1140 signo,
934 1061 1008 1121 ut
1062 1055 1347 1120 universi
1394 1056 1899 1138 conclamarent,
1952 1055 2357 1138 inconposite
2400 1055 2799 1141 fugientibus

353 1161 422 1210 23
462 1148 709 1210 metum
745 1145 1045 1210 incussit:
1092 1145 1430 1228 multique,
1472 1147 1806 1228 tamquam
1843 1144 2101 1210 adesset
2131 1143 2361 1227 hostiS,
2399 1166 2516 1228 per
2551 1145 2803 1210 lubrica

459 1257 617 1300 saxa
661 1255 902 1318 perque
948 1233 1159 1298 invias
1207 1238 1386 1298 cotes
1429 1233 1843 1317 praecipitati
1888 1232 2274 1316 occiderunt,
2316 1233 2536 1316 plures
2584 1234 2803 1318 aliqua

349 1340 420 1388 24
459 1323 898 1388 membrorum
945 1326 1126 1406 parte
1173 1322 1441 1388 mulcati
1485 1322 1571 1386 ab
1617 1322 1891 1406 integris
1930 1321 2170 1388 deserti
2206 1326 2377 1388 sunt.
2454 1321 2597 1388 Rex
2630 1323 2803 1388 loco-

455 1433 601 1476 rum
646 1411 856 1495 magis
905 1434 1097 1495 quam
1143 1411 1429 1477 hostium
1475 1411 1684 1476 victor
1728 1416 1948 1476 tamen
1998 1431 2274 1494 magnae
2319 1410 2627 1476 victoriae
2668 1433 2801 1494 ,spe-

454 1502 607 1565 ciem
643 1500 977 1566 sacrificiis
1015 1503 1082 1564 et
1117 1500 1298 1566 cultu
1337 1499 1525 1564 deum
1563 1499 1737 1564 fecit.
1819 1500 2049 1566 Arae
2029 1522 2098 1565 ιιι
2132 1504 2323 1583 petra
2357 1501 2608 1565 locatae
2644 1506 2803 1566 sunt

348 1607 417 1656 25
454 1588 786 1655 Minervae
830 1588 1304 1672 victoriaeque.
1393 1587 1683 1654 Ducibus
1730 1589 2007 1668 itineris,
2062 1611 2188 1673 quo
2246 1589 2462 1654 subire
2516 1589 2802 1656 iusserat

454 1678 686 1744 leviter
731 1681 1016 1744 armatos
1026 1728 1044 1763 ,
1099 1679 1221 1743 etsi
1275 1678 1616 1760 promissis
1672 1677 1928 1743 minora
1973 1678 2461 1763 praestiterant,
2514 1679 2800 1762 pretium

453 1789 598 1832 cum
645 1767 768 1832 fide
815 1767 1140 1832 redditum
1189 1770 1314 1852 est,
1375 1770 1600 1850 petrae
1654 1767 2067 1852 regionisque
2123 1767 2184 1831 ei
2230 1767 2571 1832 adiunctae
2619 1765 2797 1832 Siso-

452 1862 633 1922 costo
680 1857 888 1922 tutela
933 1856 1268 1939 permissa.

1446 1995 1606 2062 CAP.
1650 1995 1799 2062 XII.

384 2141 412 2189 1
629 2121 787 2188 Inde
823 2124 1141 2207 processit
1167 2121 1508 2188 Ecbolima
1546 2125 1629 2205 et,
1664 2144 1810 2188 cum
1849 2124 2182 2208 angustias
2219 2122 2470 2188 itineris
2510 2122 2795 2189 obsideri

449 2230 546 2276 xx
591 2213 854 2276 milibus
901 2216 1299 2276 armatorum
1345 2212 1426 2276 ab
1473 2210 1664 2276 Erice
1709 2211 1991 2297 quodam
2044 2212 2473 2294 conperisset,
2528 2213 2791 2296 gravius

451 2320 685 2385 agmen
741 2301 1057 2366 exercitus
1106 2297 1322 2365 Coeno
1366 2283 1742 2365 ducendum
1788 2300 2058 2366 modicis
2106 2300 2447 2366 itineribus
2505 2300 2791 2366 tradidit.

378 2389 594 2473 aIpse
649 2410 1068 2474 praegressus
1104 2410 1221 2471 per
1265 2389 1627 2455 funditores
1675 2411 1751 2454 ac
1796 2390 2175 2474 sagittarios
2233 2390 2619 2475 deturbatis,
2678 2392 2793 2493 qui

379 2499 411 2545 3
451 2479 838 2543 obsederant
875 2478 1132 2560 saltum,
1177 2478 1597 2560 sequentibus
1634 2500 1702 2543 se
1740 2478 1943 2562 copiis
1988 2480 2161 2543 viam
2197 2479 2370 2544 fecit.
2450 2479 2615 2562 Indi,
2654 2480 2791 2547 sive

449 2567 597 2631 odio
645 2566 826 2631 ducis
882 2566 1018 2631 sive
1071 2566 1347 2651 gratiam
1395 2567 1662 2631 victoris
1706 2567 1961 2651 inituri,
2006 2567 2239 2633 Ericen
2285 2568 2641 2653 fugientem
2686 2569 2795 2634 ad-

448 2655 580 2719 orti
639 2655 1106 2720 interemerunt
1160 2659 1480 2739 caputque
1536 2656 1673 2721 eius
1732 2659 1925 2741 atque
1983 2678 2163 2722 arma
2217 2657 2299 2721 ad
2354 2658 2791 2724 Alexandrum

448 2743 833 2809 detulerunt.
923 2742 1045 2809 Ille
1101 2743 1276 2809 facto
1332 2744 1770 2829 inpunitatem
1827 2745 2027 2829 dedit,
2083 2746 2395 2812 honorem
2450 2746 2793 2833 denegavit
2831 2813 2833 2815 ,

451 2833 764 2917 exemplo.

375 2940 412 2987 4
623 2921 794 2987 Hinc
839 2922 920 2987 ad
965 2922 1203 2987 flumen
1248 2920 1479 2986 Indum
1527 2923 2014 2988 sextisdecumis
2058 2924 2288 2989 castris
2324 2924 2621 3007 pervenit
2657 2946 2789 2990 om·
2810 2922 2887 2987 42

446 3010 702 3095 niaque,
747 3016 824 3076 ut
867 3013 1301 3095 praeceperat,
1350 3011 1432 3075 ad
1477 3012 1903 3076 traiciendum
1940 3018 2330 3096 praeparata
2368 3013 2448 3077 ab
2485 3010 2791 3096 Hephae-

519 3182 605 3231 21.
656 3177 955 3231 desierat
997 3176 1088 3229 fiir
1123 3177 1329 3231 desitas
1364 3182 1482 3232 erat
1519 3194 1562 3231 s.
2087 3174 2213 3232 Car.
2250 3176 2373 3231 XII.

445 3246 591 3301 Einl.
621 3252 652 3313 ς
681 3253 748 3301 33
778 3249 940 3301 Αιιιιι.
1005 3246 1136 3318 Vgl.
1173 3249 1335 3304 desiit
1364 3250 1567 3304 moveri
1745 3280 1793 3329 1
1848 3274 2197 3329 Ecbolima
2239 3298 2305 3318 ==
2342 3267 2443 3342 Ἑμ
2483 3266 2607 3341 dim
2610 3292 2648 3326 α
2694 3273 2791 3329 bei

445 3317 698 3387 (medffil)
733 3318 827 3372 bel
863 3316 1074 3373 omero·
1670 3345 1793 3400 Arr.
1833 3351 1881 3399 4.
1920 3350 2006 3400 28.
2046 3374 2113 3385 -
2148 3344 2368 3399 Erice.
2482 3342 2641 3399 iodor
2676 3346 2787 3414 (17.

517 3402 602 3452 23·
657 3397 714 3451 Β
726 3399 984 3467 alacro
1043 3398 1421 3455 Vermubhllssh
1467 3399 1567 3453 ‘101‘
1672 3419 1786 3486 86),
1826 3416 1925 3471 der
1960 3416 2097 3470 uber
2132 3414 2251 3470 sein
2284 3412 2442 3469 Ende
2480 3414 2581 3469 das
2616 3414 2789 3471 Nam-

445 3469 731 3524 Anffihrer
767 3469 866 3523 der
901 3439 1333 3526 W’urfschutzen
1372 3464 1566 3541 (ἄκον-
1671 3488 1820 3542 liobe
1855 3487 2149 3553 berichtet
2183 3488 2361 3541 neunt
2389 3485 2490 3541 ihn
2515 3482 2785 3556 Ἀφρίκης.

441 3540 674 3610 τισταί),
714 3541 1005 3595 S·A1'1··4
1043 3546 1092 3595 4-
1133 3548 1182 3596 6·
1746 3565 1795 3613 3.
1860 3558 2208 3613 honorem.
2310 3556 2475 3613 Sinn.
2540 3558 2787 3614 Beloh-

517 3626 603 3674 24
662 3621 1008 3689 locorum,
1065 3622 1214 3676 deun
1261 3640 1367 3677 11111·
1416 3621 1566 3677 (11888
1672 3647 1877 3700 1111118,
1928 3629 2222 3684 ehrende
2268 3628 2783 3699 Anerkennung.

443 3690 649 3746 bekam
683 3707 743 3745 er
773 3664 1076 3747 wirklicli
1059 3710 1119 3747 111
1147 3692 1300 3749 scine
1329 3692 1565 3749 Gewalt.
1676 3730 1743 3741 --
1790 3701 2085 3769 exemplo
2131 3719 2173 3755 s.
2211 3719 2264 3757 v.
2302 3718 2353 3756 a.
2389 3702 2473 3755 rei
2508 3706 2621 3755 tam
2655 3702 2790 3757 mali

443 3790 512 3801 ····
539 3763 822 3832 31)θὺἮῆη
846 3762 1040 3830 fecit,
1065 3763 1170 3819 wie
1197 3766 1372 3819 unfren
1403 3770 1483 3819 12·
1507 3770 1566 3830 ’ἲς
1672 3773 1917 3841 exmpli.
1998 3770 2323 3827 Uebersetze
2362 3770 2495 3827 frei=
2535 3772 2654 3827 ‘um
2680 3771 2787 3827 .des

446 3838 530 3888 13.
559 3840 619 3901 83
660 3840 742 3888 14-
786 3839 868 3888 13·
943 3833 1071 3904 Vgl
1110 3835 1256 3890 auch
1292 3841 1342 3889 4
1385 3840 1567 3888 10-10
1673 3843 1847 3898 flblen
1887 3842 2161 3910 Beispiels
2209 3842 2442 3898 willen'.
2524 3843 2637 3897 Der
2682 3841 2785 3897 Ge-

441 3906 670 3973 speeiem
693 3906 887 3975 magni
912 3906 1181 3960 emercitus
1207 3906 1464 3972 fecerant.
1495 3937 1564 3945 —
1672 3914 1856 3971 dmko
1892 3912 2121 3969 ahnlioh
2158 3915 2303 3970 oben
2336 3921 2391 3971 3
2430 3920 2513 3969 15.

442 3980 504 4029 et
549 3976 767 4041 cult-m
812 3980 862 4031 et
899 4001 966 4021 =
1007 3976 1153 4031 ‘und
1193 3976 1561 4047 uberhaupt’,
1740 3990 1791 4039 4.
1838 3988 1912 4039 ut
1939 3992 2405 4054 praeceperat,
2443 4002 2486 4039 s.
2524 3990 2573 4039 8.
2618 3989 2697 4039 10.
2735 3990 2782 4037 2

441 4046 558 4117 VSI·
597 4054 645 4102 6
687 4052 895 4103 11·29·
1668 4057 1783 4113 Der
1809 4055 2146 4127 Uebergang
2178 4056 2318 4113 uber
2349 4056 2463 4111 den
2497 4056 2665 4111 Indus
2702 4072 2782 4109 er-

515 4131 602 4181 25.
638 4127 895 4191 subire;
931 4102 1046 4197 vgl.
1085 4132 1115 4195 ξ
1157 4135 1219 4183 13
1258 4128 1560 4183 subevmtes.
1668 4127 1847 4197 folgte
1882 4127 2037 4183 wohl
2070 4126 2327 4183 nordlich
2361 4144 2472 4184 von
2502 4126 2602 4181 der
2628 4126 2782 4181 Mun·

442 4225 514 4235 --
559 4196 936 4253 Sisocosto
986 4224 1054 4245 ---·
1105 4194 1414 4269 Σισικόττῳ
1468 4199 1564 4254 bei
1670 4198 1824 4269 dung
1876 4198 1973 4255 des
2024 4198 2251 4268 Cophen
2296 4196 2521 4267 OEabul)
2574 4197 2635 4252 in
2687 4196 2784 4251 der

444 4265 564 4319 Arr.
603 4272 656 4322 4.
693 4274 779 4322 30.
1669 4270 2017 4325 Landschaft
2069 4269 2421 4339 Peucolaotis
2471 4268 2781 4336 (Pukhely).
