3069 4749
825 180 1324 233 ffls‘romffltm
1357 179 1779 233 ALEXANDRI
1812 180 1914 246 111,
1952 183 2002 232 4.
2039 182 2072 232 5
2544 178 2633 243 83

293 342 664 409 incendium
711 363 857 407 cum
903 342 1204 426 expedita
1247 362 1446 405 manu
1501 336 1888 425 praemisso,
1931 344 2278 425 postquam
2324 341 2637 413 barbaros

297 433 576 499 adventu
634 452 898 497 suorum
955 430 1216 515 fugatos
1283 451 1425 495 esse
1491 430 1826 515 cognovit,
1882 429 2111 495 urbem
2164 452 2205 496 a
2260 451 2327 494 se
2384 453 2640 498 conser—

295 526 516 587 vatam
562 521 783 589 intrat.

1324 657 1607 727 CAPMV

196 798 280 862 12
471 804 759 869 Mediam
822 801 1081 886 Cydnus
1141 802 1378 886 amnis,
1434 802 1513 865 de
1569 823 1695 903 quo
1750 803 1945 886 paulo
2008 806 2158 868 ante
2219 803 2462 869 dietum
2520 809 2638 891 est,
2677 812 2705 860 1

295 894 632 958 interfluit.
719 892 812 957 Et
855 895 1008 956 tunc
1055 898 1269 956 aestas
1317 893 1484 974 erat,
1543 890 1724 955 cuius
1773 892 1949 957 calor
2004 914 2141 957 non
2188 892 2380 957 aliam
2426 895 2637 979 magis

297 1004 489 1066 quam
527 980 792 1047 Ciliciae
831 1002 1007 1045 oram
1047 1000 1286 1065 vapore
1324 979 1482 1044 solis
1520 980 1831 1065 accendit,
1870 983 1934 1045 et
1971 980 2097 1044 diei
2132 980 2638 1049 fervidissimum

295 1075 553 1156 tempus
592 1092 734 1135 esse
773 1072 1087 1154 coeperat.
1159 1067 1430 1133 Pulvere
1459 1068 1653 1132 simul
1682 1090 1757 1133 ac
1786 1030 2016 1133 sbdore
2052 1070 2386 1154 perfusum
2414 1092 2643 1157 regem·
2673 1078 2705 1126 2

293 1160 600 1226 invitavit
661 1160 878 1242 liquor
938 1157 1254 1241 fluminis,
1311 1159 1387 1220 ut
1441 1157 1718 1222 calidum
1774 1157 1983 1222 adhuc
2037 1179 2268 1242 corpus
2330 1159 2636 1226 ablueret.

296 1248 524 1332 Itaque
561 1252 743 1314 veste
787 1247 1082 1331 deposita
1119 1246 1186 1310 in
1227 1249 1578 1331 conspectu
1614 1246 1895 1331 agminis
1930 1283 2005 1293 —-
2038 1247 2343 1313 decorum
2382 1271 2637 1333 quoque

295 1338 586 1402 futurum
631 1340 830 1420 ratus,
877 1336 932 1401 si
979 1333 1370 1401 ostendisset
1415 1334 1577 1419 suiS,
1632 1336 1758 1399 levi
1814 1339 1879 1400 et
1932 1336 2210 1419 parabili
2265 1338 2443 1401 cultu
2498 1360 2635 1404 cor-

296 1427 474 1511 poris
523 1447 592 1491 se
640 1447 780 1490 esse
827 1427 1204 1489 contentum
1253 1460 1329 1469 --
1381 1422 1713 1489 descendit
1766 1424 1833 1489 in
1886 1422 2141 1489 flumen.
2232 1424 2485 1510 Vixque
2544 1428 2634 1492 in·
2675 1432 2708 1482 3

297 1514 836 1669 {dsstijsiusszksttoet
851 1514 1121 1671 ltbltluciltie
1141 1513 1641 1685 111,ξῖᾏὲξῖἲῇ
1662 1514 2385 1686 οἓξξῖἓτξ1ιίέ11ἒᾶἐὲῗὲι·
2408 1515 2637 1670 (111ῗὴ11111ῗ

296 1692 642 1778 Expiranti
680 1690 954 1756 similem
993 1690 1281 1755 ministri
1315 1712 1514 1755 manu
1554 1690 1882 1774 excipiunt
1916 1713 2035 1757 nec
2072 1693 2231 1757 satis
2271 1627 2635 1776 comptitem
2674 1699 2709 1748 4

297 1782 532 1847 mentis
577 1782 648 1845 in
691 1780 1179 1845 tabernaculum
1227 1778 1540 1843 deferunt.
1613 1778 1854 1864 Ingens
1902 1780 2271 1845 sollicitudo
2321 1784 2387 1845 et
2431 1804 2637 1866 paene

300 1871 432 1935 iam
477 1872 692 1936 luctus
739 1870 810 1933 in
857 1868 1086 1934 castris
1135 1871 1290 1932 erat.
1383 1866 1645 1932 Flentes
1692 1871 2144 1953 querebantur,
2180 1870 2247 1934 in
2284 1872 2469 1935 tanto
2516 1870 2637 1934 im⁶
2675 1875 2708 1925 5

294 1964 450 2044 petu
499 1980 820 2043 cursuque
864 1979 1078 2022 rerum
1125 1956 1332 2021 omnis
1381 1956 1615 2021 aetatis
1674 1977 1749 2021 ac
1806 1958 2152 2023 memoriae
2208 1958 2636 2023 clarissimum

297 2070 518 2133 regem
563 2070 698 2113 non
741 2048 812 2112 in
858 2049 992 2112 acie
1041 2046 1290 2130 saltem,
1325 2066 1462 2110 non
1499 2047 1583 2110 ab
1620 2045 1810 2111 hoste
1848 2046 2182 2131 deiectum,
2220 2046 2333 2111 sed
2371 2046 2633 2112 abluen-

298 2138 433 2201 tem
481 2158 652 2221 aqua
697 2157 927 2219 corpus
977 2139 1269 2219 ereptum
1316 2154 1454 2199 esse
1495 2139 1563 2198 et
1599 2134 1971 2200 extinctum.
2043 2133 2295 2200 Instare
2333 2134 2638 2221 Dareum,
2676 2142 2708 2190 6

301 2226 632 2310 victorem,
678 2230 1025 2309 antequam
1069 2224 1340 2288 vidisset
1385 2224 1659 2288 hostem.
1707 2221 1850 2289 Sibi
1896 2224 2151 2289 easdem
2195 2228 2424 2309 terrae,
2478 2248 2637 2310 quas
2740 2232 2745 2235 ’

301 2315 572 2381 victoria
616 2316 1094 2398 peragrassent,
1139 2312 1544 2398 repetendas:
1605 2314 1823 2379 omnia
1870 2318 1983 2380 aut
2026 2315 2205 2401 ipsos
2253 2318 2368 2380 aut
2412 2314 2637 2381 hostes

300 2405 677 2488 populatos:
723 2425 840 2489 per
887 2407 1108 2468 vastas
1156 2402 1560 2484 solitudines,
1616 2403 1876 2468 etiamsi
1920 2425 2109 2470 nemo
2166 2405 2421 2488 insequi
2465 2405 2639 2488 velit,

305 2497 528 2558 euntes
575 2493 749 2558 fame
799 2497 991 2576 atque
1035 2491 1259 2577 inopia
1304 2491 1871 2575 debellari-posse.
1962 2491 2165 2568 Quem
2222 2493 2480 2577 signum
2528 2493 2635 2558 da·
2676 2497 2707 2546 ⁷

304 2586 523 2647 turum
570 2581 1018 2668 fugientibus?
1063 2602 1254 2665 quem
1299 2601 1608 2644 ausurum
1644 2579 2016 2645 Alexandro
2056 2580 2437 2646 succedere?
2499 2581 2639 2646 Iam

289 2674 370 2734 ut
415 2671 494 2736 ad
543 2665 1037 2754 HellespOntum
1081 2668 1240 2755 fuga
1283 2672 1726 2754 penetrarent,
1774 2669 2073 2753 classem,
2113 2691 2240 2754 qua
2283 2673 2640 2753 transeant,

300 2781 486 2848 quem
541 2758 1124 2882 praeparaturum?
1211 2757 1460 2823 Rursus
1523 2757 1595 2821 in
1648 2758 1860 2841 ipsum
1913 2778 2133 2842 regem
2192 2758 2633 2823 misericordia
2671 2762 2705 2811 8

293 3005 598 3073 prohibere,
637 3004 878 3060 seltener
911 3002 1058 3072 Liv„
1104 3019 1246 3074 ganz
1291 3020 1412 3057 ver-

300 3075 500 3130 einzelt
538 3047 732 3130 Cicero
767 3075 828 3129 in
861 3075 1109 3131 Verr.5.
1150 3079 1268 3131 163.

730 3197 969 3254 1(an

370 3292 415 3341 1.
457 3289 780 3356 Mediam,
835 3288 1036 3343 naturl.
1085 3289 1286 3342 urbem.
1343 3317 1410 3326 -

299 3361 610 3415 accendit
663 3361 754 3414 fur
801 3360 987 3414 eccm-it
1031 3358 1112 3424 ist
1157 3360 1310 3430 poet.
1356 3375 1410 3412 11.

297 3429 519 3485 nachkl.
594 3417 731 3485 Ubri
735 3447 871 3500 gens
906 3428 1000 3484 fiel
1038 3429 1130 3484 die
1165 3429 1408 3483 Erkran-

299 3499 450 3572 kung
488 3502 588 3566 des
623 3502 782 3556 Alex.
819 3501 880 3556 in
917 3503 1026 3556 den
1061 3501 1284 3554 Herbst.

369 3578 417 3627 2.
438 3573 791 3642 perfusum
809 3575 1088 3642 pulvere
1116 3571 1221 3624 wie
1239 3570 1412 3639 Verg.

298 3643 432 3700 Aen.
459 3650 542 3698 12.
569 3650 671 3698 611
703 3645 956 3699 canitiem
978 3645 1263 3712 perfusam
1281 3643 1412 3710 pul-

297 3729 430 3769 vere.
469 3746 534 3754 —
577 3716 737 3782 levi,
783 3713 1262 3782 unerheblich‚
1300 3729 1414 3782 ge-

298 3784 478 3855 ring,
527 3787 633 3840 levi
677 3787 830 3840 cultu
867 3786 974 3840 wie
1017 3787 1226 3840 modico
1262 3785 1416 3838 cultu

299 3861 346 3910 9.
402 3862 452 3914 8.
510 3863 580 3912 23
637 3875 706 3910 zu
759 3857 960 3912 fassen.
1044 3856 1203 3910 8199.
1255 3855 1412 3908 Alex.

299 3928 491 3983 wollte
520 3929 632 3983 den
661 3928 924 3998 Seinigen
953 3927 1165 4009 zeigen,
1194 3925 1316 3980 dass
1355 3941 1416 3979 er

301 3993 708 4054 ruck'sichtlich
735 4001 844 4054 (191·
860 3999 1047 4068 Pflege
1077 3998 1254 4053 seines
1273 3996 1414 4050 Kor-

297 4085 423 4137 pers
445 4070 566 4124 sich
585 4072 692 4124 mit
711 4087 852 4139 ganz
880 4069 1175 4124 einfachen
1201 4069 1413 4122 Veran-

301 4141 642 4210 staltungen,
679 4141 856 4196 leicht
881 4159 951 4196 zu
988 4138 1416 4196 beschaffenden

299 4209 523 4267 Mitteln
560 4213 836 4282 begm‘ige.

372 4289 419 4337 3.
458 4284 791 4351 suffusus.
863 4284 1056 4339 Naher
1090 4281 1235 4352 liegt
1269 4282 1418 4336 nach

301 4371 527 4410 unserer
546 4355 932 4425 Anschauung
948 4356 1118 4410 rubor
1136 4355 1270 4408 oder
1284 4369 1416 4408 san-

1519 3003 1646 3125 gtis
1707 2931 2051 3070 siiffunditwr
2112 3001 2197 3056 als
2257 3002 2441 3070 pallor
2499 3003 2627 3071 suffi

1575 3073 1681 3128 och
1694 3074 1797 3127 hat
1812 3075 1957 3128 auch
1978 3075 2189 3128 Seneca
2206 3071 2451 3128 dieselbe
2468 3072 2639 3128 Wen-

1521 3144 1676 3214 dung
1706 3146 1895 3214 (rubor
1915 3146 2179 3214 primum,
2205 3145 2418 3213 deinde)
2454 3147 2640 3214 pallor

1519 3217 1881 3283 suffunditur.
1957 3216 2044 3286 Vg
2046 3215 2083 3272 1.
2122 3217 2268 3270 auch
2304 3216 2437 3270 Hor.
2472 3217 2635 3286 epod.

1520 3292 1678 3341 ’1.13
1708 3288 1897 3356 pallor
1932 3235 2090 3342 albgus
2124 3287 2365 3354 inficit
2400 3303 2514 3342 ora

1591 3364 1643 3413 4.
1680 3374 1905 3424 manu,
1932 3357 2093 3412 nicht
2118 3359 2376 3413 manibus
2401 3375 2444 3456 s,
2466 3359 2529 3413 E.
2556 3364 2639 3415 10.

1593 3435 1642 3484 5.
1680 3429 1935 3498 impetu
1980 3446 2337 3499 cursuque,
2401 3427 2485 3484 ‘in
2532 3431 2643 3484 sol-

1520 3499 1679 3554 chem
1696 3499 1884 3554 Sturm
1898 3518 1949 3554 u.
1963 3501 2158 3570 Drang
2166 3472 2639 3570 derEieignisse'.

1521 3569 1675 3626 Ganz
1713 3571 1941 3625 ahnlich
1980 3577 2029 3628 8.
2061 3577 2111 3627 5.
2148 3577 2230 3626 19.
2256 3603 2321 3612 -
2351 3588 2485 3626 11011
2520 3575 2558 3627 i.
2588 3591 2641 3628 α.

1519 3643 1786 3708 saltem,
1824 3643 1998 3712 vergl.
2027 3659 2142 3698 ‘non
2178 3645 2400 3698 deorum
2434 3645 2642 3710 saltem,

1520 3713 1641 3768 Liv.
1682 3718 1734 3766 5.
1773 3717 1857 3766 38.
1900 3719 1943 3766 1.
1988 3745 2054 3753 —
2091 3713 2512 3771 deiectum-
2443 3739 2512 3759 =
2539 3733 2641 3768 κοι-

1519 3779 1954 3856 ταβεβλημένον.
2155 3809 2161 3814 ·

1584 3857 1644 3910 6.
1682 3861 1909 3911 cuntes
1945 3856 1999 3910 d.
2029 3856 2067 3910 i.
2104 3855 2201 3910 auf
2227 3856 2355 3910 dem
2382 3853 2642 3908 Marsche

1522 3925 1885 3995 (Gegensatz.
1947 3926 2130 3997 Kamp
2135 3927 2182 3994 f,
2236 3925 2639 3993 Widerstand).

1523 4027 1591 4036 -
1630 3998 1964 4053 debellari
1999 3999 2079 4052 im
2093 3946 2285 4053 pSinne
2321 4014 2430 4051 von
2468 4015 2641 4049 κατα-

1521 4071 1915 4140 πολεμεῖσθαι,
1953 4072 2102 4138 poet.
2140 4088 2195 4123 u.
2233 4067 2349 4122 nkl.
2406 4067 2507 4120 Bei
2542 4066 2639 4121 Li-

1521 4140 1647 4278 }ius
1681 4141 1755 4194 ist
1789 4141 2055 4196 debellare
2089 4139 2234 4196 noch
2282 4139 2477 4193 bellum
2514 4153 2640 4192 con·

1566 4227 1693 4266 cere.

1598 4288 1645 4337 7.
1668 4282 1815 4336 Iam
1842 4287 1942 4348 ut,
1960 4283 2228 4350 gesetzt
2248 4298 2382 4334 nun
2400 4280 2639 4350 (auch),

1525 4352 1649 4407 dass
1687 4352 1791 4408 etc.
1868 4351 1923 4408 S.
1961 4351 2025 4410 Ε.
2067 4357 2183 4406 144.

2138 4436 2212 4492 6*
