3069 4749
940 181 1439 234 msToRmRUM
1474 182 1897 236 ALEXANDRI
1931 185 2029 250 111,
2069 189 2118 238 6.
2618 184 2702 248 37

361 367 480 431 pro
525 347 641 409 tua
683 343 809 408 fide
855 333 1062 428 quam'
1095 365 1214 426 pro
1259 363 1406 407 mea
1451 343 1660 408 salute
1707 364 1847 408 esse
1884 344 2279 410 sollicitum?
2306 308 2533 411 ffiaec
2571 347 2702 411 610-
2796 263 2900 414 sb)

257 437 342 502 16
360 437 546 500 cutus
593 433 885 498 dextr-am
931 431 1234 516 Philippo
1282 431 1487 496 offert.
1549 429 1850 497 Ceterum
1886 436 2071 498 tanta
2106 433 2202 498 vis
2240 435 2695 500 medicamenti
2738 451 2805 500 13

245 578 254 586 .
361 523 505 602 fuit,
549 525 642 606 ut,
689 543 851 606 quae
899 525 1120 586 secuta
1165 522 1337 604 sunt,
1385 520 1908 586 criminationem
1953 521 2401 588 Parmenionis
2448 523 2702 589 adiuve-

209 603 216 610 ’
361 613 510 677 rint.
583 609 980 675 Interclusus
1017 609 1282 693 spiritus
1321 611 1460 673 arte
1489 609 1767 674 meabat.
1812 609 1951 675 Nec
1976 609 2319 695 Philippus
2357 613 2701 698 quicquam
2742 631 2809 680 14

360 702 768 784 inexpertum
805 698 1051 764 omisit:
1075 699 1204 762 'ille
1236 697 1527 763 fomenta
1565 700 1822 782 corpori
1850 699 2154 783 admovit,
2189 700 2298 764 ille
2334 703 2702 784 torpentem

359 811 532 854 nunc
579 788 726 866 cibi,
761 808 936 851 nunc
971 786 1110 853 vini
1147 786 1343 851 odore
1381 787 1707 852 excitavit.
1779 786 1997 871 Atque
2035 791 2110 852 ut
2145 789 2427 873 primum
2464 791 2700 854 mentis
2740 808 2809 858 15

361 881 730 962 compotem
776 897 916 941 esse
963 875 1183 959 sensit,
1227 875 1422 940 modo
1468 875 1699 940 matris
1748 898 2198 961 sororumque,
2241 877 2433 942 modo
2480 881 2701 944 tantae

357 966 670 1031 victoriae
717 964 1294 1049 adpropinquantis
1340 963 1689 1029 admonere
1733 986 1868 1029 non
1913 965 2182 1031 destitit.
2250 966 2345 1032 Ut
2379 987 2532 1032 vero
2570 989 2701 1032 me·
2741 987 2809 1036 16

360 1056 793 1121 dicamentum
842 1076 910 1118 se
957 1053 1214 1117 diffudit
1256 1053 1327 1116 in
1378 1074 1576 1118 venas
1623 1056 1690 1117 et
1744 1055 1983 1120 sensim
2029 1058 2171 1120 toto
2218 1077 2484 1139 corpore
2532 1056 2701 1120 salu-

357 1145 564 1209 britas
612 1143 858 1227 percipi
912 1142 1154 1226 potuit,
1207 1142 1488 1224 primum
1544 1141 1799 1206 animus
1853 1143 2143 1226 vigorem
2198 1165 2415 1228 suum,
2471 1144 2702 1210 deinde

361 1255 594 1316 corpus
642 1253 892 1316 quoque
939 1231 1380 1314 expectatione
1427 1232 1744 1295 maturius
1782 1232 2218 1316 recuperavit:
2264 1233 2501 1318 quippe
2549 1236 2701 1316 post

359 1323 625 1388 tertium
663 1320 850 1402 diem,
889 1342 1082 1404 quam
1120 1320 1190 1384 in
1227 1318 1350 1383 hoc
1389 1323 1565 1383 statu
1601 1319 1831 1404 fuerat,
1858 1320 1928 1384 in
1965 1324 2381 1406 conspectum
2420 1322 2702 1387 militum

358 1410 555 1474 venit.
643 1407 785 1474 Nec
830 1407 1080 1473 avidius
1127 1409 1343 1492 ipsum
1388 1429 1611 1494 regem
1657 1430 1851 1492 quam
1897 1408 2271 1494 Philippum
2328 1409 2704 1475 intuebatur
2742 1435 2807 1485 17

355 1499 707 1564 exercitus:
744 1518 864 1581 pro
903 1519 970 1561 86
1000 1497 1272 1581 quisque
1300 1496 1593 1560 dextram
1624 1498 1758 1562 eius
1790 1498 2072 1582 amplexi
2112 1503 2329 1583 grates
2369 1498 2704 1564 habebant

357 1588 537 1652 velut
580 1586 905 1671 praesenti
952 1586 1092 1651 deo.
1165 1585 1460 1670 Namque
1505 1585 1683 1650 haud
1718 1585 1909 1652 facile
1946 1586 2123 1652 dictu
2159 1591 2275 1672 est,
2310 1590 2569 1672 praeter
2604 1589 2707 1652 in·-

359 1677 649 1762 genitam
693 1674 790 1739 illi
825 1674 1006 1759 genti
1042 1694 1200 1758 erga
1235 1695 1420 1758 reges
1451 1696 1604 1738 suos
1631 1676 2129 1759 venerationem,
2158 1680 2471 1760 quantum
2507 1677 2701 1741 huius

358 1765 582 1849 utique
625 1764 800 1850 regis
837 1764 940 1829 vel
977 1763 1392 1827 admirationi
1429 1761 1632 1827 dediti
1669 1763 1910 1828 fuerint
1944 1764 2050 1829 vel
2088 1765 2358 1830 caritate
2392 1765 2701 1848 flagrave-

357 1854 510 1917 rint.
598 1851 740 1916 Iam
799 1853 1082 1935 primum
1135 1851 1305 1916 nihil
1362 1852 1500 1915 81116
1557 1851 1779 1916 divina
1833 1874 1955 1936 ope
2011 1851 2278 1936 adgredi
2332 1853 2699 1918 videbatur:
2740 1879 2807 1928 18

355 1964 509 2007 nam
557 1963 702 2006 cum
748 1943 1009 2024 praesto
1050 1943 1230 2005 esset
1275 1940 1510 2024 ubique
1566 1940 1858 2024 fortuna,
1911 1941 2245 2004 temeritas
2299 1941 2368 2004 in
2423 1943 2701 2026 gloriam

354 2033 658 2096 cesserat.

747 2029 950 2095 Aetas
998 2050 1249 2114 quoque
1295 2029 1408 2095 vix
1449 2029 1651 2092 tantis
1698 2032 1957 2094 matura
2001 2029 2230 2112 rebus,
2286 2029 2396 2094 sed
2446 2030 2699 2095 abunde
2738 2058 2807 2107 19

357 2119 682 2184 sufficiens
713 2117 934 2182 omnia
963 2119 1098 2183 eius
1130 2139 1324 2201 opera
1354 2117 1745 2182 honestabat
1772 2121 1838 2182 et
1872 2154 1947 2164 —-
1982 2139 2146 2203 quae
2191 2119 2437 2184 leviora
2471 2118 2701 2183 haberi

357 2208 590 2290 solent,
618 2208 990 2291 plerumque
1021 2207 1288 2271 militari
1316 2206 1605 2290 gratiora
1632 2206 1827 2292 vulgo
1867 2211 2021 2271 sunt
2054 2243 2126 2254 --
2155 2207 2530 2274 exercitatio
2561 2230 2701 2274 cor-

352 2298 532 2382 poris
577 2298 747 2361 inter
791 2296 1000 2381 ipsos,
1046 2295 1256 2359 cultus
1312 2295 1703 2380 habitusque
1756 2296 2025 2381 paulum
2071 2318 2110 2360 a
2153 2297 2410 2381 privato
2466 2297 2698 2362 abhor-

353 2408 524 2469 16118,
568 2386 872 2450 militaris
918 2384 1130 2470 vigor:
1188 2386 1334 2470 quis
1389 2385 1502 2450 ille
1558 2386 1661 2451 vel
1716 2385 1965 2470 ingenii
2020 2385 2277 2451 dotibus
2334 2387 2436 2451 vel
2492 2388 2694 2452 animi
2731 2417 2805 2467 20

354 2475 628 2559 artibus,
672 2477 747 2539 ut
789 2474 1036 2558 pariter
1081 2495 1270 2537 carus
1313 2496 1392 2539 ac
1435 2474 1836 2539 venerandus
1885 2478 2071 2559 esset,
2118 2474 2434 2540 effecerat.

350 2666 491 2717 ras,
535 2648 792 2705 medicin.
839 2651 881 2703 t.
917 2649 989 2714 t.,
1033 2646 1142 2711 wie
1187 2648 1335 2703 auch
1377 2663 1468 2703 su-

351 2736 492 2776 mere
533 2726 564 2786 3
602 2726 651 2775 3.

428 2797 512 2845 13.
547 2807 712 2860 quae
745 2794 972 2845 secata
1006 2793 1163 2844 sunt
1208 2787 1262 2845 d.
1300 2786 1336 2846 i.
1376 2788 1468 2844 die

352 2862 602 2930 nachste‚
621 2860 1019 2919 unmittelbare
1038 2859 1318 2929 Wirkung
1345 2859 1468 2914 der-

353 2933 564 2988 selben.
605 2964 668 2972 —
709 2933 1126 2999 adiuverint,
1163 2930 1270 2985 wie
1310 2930 1466 2987 Caes.

353 3004 409 3058 b.
451 3020 494 3059 c.
535 3010 580 3057 1.
620 3010 686 3058 69
725 3004 958 3059 adiuvat
998 3002 1322 3077 opinionem.

428 3080 511 3129 14.
551 3080 692 3130 arte
727 3074 983 3129 meabat
1021 3090 1063 3128 8.
1106 3078 1234 3127 5..9.
1266 3104 1334 3115 --
1362 3072 1467 3127 in-

347 3162 488 3215 exp.
527 3146 775 3213 omisit,
809 3144 1215 3213 pleonastisch3
1266 3145 1467 3199 ebenso

353 3222 403 3271 4.
443 3222 494 3272 4.
532 3222 591 3283 23
630 3221 680 3271 5.
721 3222 770 3271 9.
811 3223 868 3283 ''13
907 3221 957 3270 8.
991 3221 1073 3270 14.
1103 3220 1190 3269 29.
1262 3214 1469 3283 Haufig

352 3288 499 3343 auch
532 3288 878 3343 anderwarts
906 3285 1188 3355 derartige
1223 3284 1468 3340 tautolo-

307 3374 312 3380 ’
349 3358 547 3429 gische
565 3357 937 3427 Wendungen
963 3358 1070 3411 mit
1096 3358 1335 3411 omittere
1351 3356 1468 3411 und

348 3431 666 3499 relinquere.
1075 3454 1080 3461 ·
1392 3479 1412 3497 s

425 3505 508 3555 16.
546 3516 610 3555 se
637 3500 938 3567 diffudit
962 3498 1053 3553 ffir
1079 3499 1343 3567 diffusum
1369 3502 1463 3565 est,

351 3587 394 3624 8.
431 3572 496 3625 Ε.
535 3577 618 3625 36.
661 3601 729 3611 -
765 3571 1172 3636 salubritas,
1217 3569 1465 3623 namlich

347 3642 745 3707 medicamenti,
781 3640 873 3695 die
910 3640 1210 3696 Heilkraft.
1249 3669 1319 3680 —
1355 3656 1464 3694 ex-

340 3714 729 3783 pectatione
764 3713 1124 3778 maturius,
1168 3710 1466 3779 brachylo-

347 3783 510 3853 gisch
545 3781 652 3839 wie
681 3800 802 3852 emp.
829 3784 1010 3837 minor
1036 3782 1130 3836 bei
1157 3779 1364 3837 Cicero.
1394 3810 1464 3823 -

346 3857 421 3909 in
455 3855 573 3909 1106
606 3859 809 3909 stata.
883 3852 956 3907 So
993 3853 1137 3907 auch
1172 3853 1381 3920 Livius,
1419 3870 1462 3906 s.

423 3999 508 4050 17.
561 4000 784 4066 grates
837 3996 1130 4060 habebant,
1183 3992 1344 4047 nicht
1397 4019 1465 4040 ι-

347 4069 588 4187 gatiam
623 4068 892 4121 habebant
929 4066 980 4121 d.
1018 4065 1056 4119 i.
1095 4066 1176 4119 sie
1211 4065 1466 4135 hegten

403 4138 540 4205 ank,
571 4138 826 4193 ·sondern
861 4162 930 4183 ει
966 4137 1180 4207 gratias
1216 4137 1464 4205 ayebant,

351 4206 462 4261 (1.1.
484 4210 563 4263 sie
599 4208 1070 4264 versichert-,en
1096 4207 1254 4261 ihren
1286 4205 1464 4260 Dank.

353 4275 410 4330 8.
437 4280 578 4333 auch
609 4286 659 4335 9.
689 4286 741 4333 6.
772 4284 854 4334 17.
909 4279 1022 4332 1)68
1049 4276 1466 4331 altertfimliche

353 4345 516 4402 Wort
567 4356 749 4421 grates
803 4374 870 4395 ==
917 4350 1133 4419 qratiae
1177 4347 1279 4402 hat
1323 4348 1468 4403 auch

2746 2576 2788 2591 “-

2682 2588 2743 2605 A

1576 2647 1797 2715 Livius,
1843 2648 1903 2701 in
1936 2646 2307 2718 Verbindung
2349 2648 2457 2702 mit
2503 2650 2726 2719 habere⁴

1577 2719 1721 2772 auch
1784 2716 2026 2773 Tacitus.
2082 2748 2151 2759 --
2207 2724 2482 2787 praeter
2545 2720 2695 2775 him-2

1580 2789 1745 2858 ‘ganz
1782 2788 2101 2857 abgesehen
2137 2789 2291 2845 von'.
2368 2790 2477 2843 Zur
2515 2788 2697 2846 Sachc

1575 2859 1688 2929 vgl.
1727 2864 1775 2914 5.
1816 2865 1900 2915 10.
1938 2865 2001 2925 23
2039 2864 2121 2913 10.
2161 2866 2210 2915 3.
2250 2864 2299 2913 3.

1649 2936 1734 2986 18.
1770 2932 1843 2985 in
1877 2931 2165 3000 ylariam
2200 2934 2514 2999 cesserat,
2555 2929 2697 2984 ‘war

1576 3002 2021 3071 ausgeschlagen
2067 3018 2195 3055 zum
2243 2999 2510 3067 Ruhme’,
2568 3000 2693 3056 eine

1576 3072 2031 3128 nachklassische
2067 3070 2294 3126 Phrase.

1650 3149 1734 3198 19.
1770 3149 2037 3199 matura
2080 3142 2188 3197 wie
2242 3146 2497 3197 maturus
2550 3143 2698 3197 mili-

1573 3214 1702 3283 tiae,
1738 3215 1966 3283 imperio
2001 3212 2095 3269 bei
2128 3212 2250 3268 Liv.
2281 3244 2350 3253 -
2376 3214 2699 3269 honesta-

1576 3285 1704 3354 bat,
1737 3285 1964 3351 ε61161116,
1992 3284 2206 3340 verlieh
2226 3283 2447 3351 Glanz',
2468 3302 2510 3337 s.
2532 3290 2583 3339 3.
2611 3290 2696 3339 13.

1574 3355 1683 3411 Mit
1708 3361 1759 3411 et
1784 3373 1923 3425 qaae
1940 3355 2132 3424 folgen
2152 3355 2380 3410 weitere
2402 3354 2695 3424 Subjekte.

1576 3456 1644 3467 —-·
1681 3429 2007 3497 =(gratiora.
2084 3426 2197 3481 Der
2242 3443 2445 3495 engere
2468 3425 2702 3496 ‘Begriff

1572 3496 1701 3552 tritt
1719 3498 1811 3555 6111
1841 3498 1929 3552 fiir
1950 3497 2059 3553 den
2076 3494 2343 3552 weiteren
2372 3498 2693 3567 (yraviora).

1574 3568 1738 3623 Simu
1771 3568 1993 3637 ‘Dinge‚
2011 3568 2225 3623 welche
2246 3582 2375 3621 man
2398 3569 2459 3623 in
2484 3568 2697 3622 andren

1572 3638 2017 3694 Lebenskreisen
2045 3638 2137 3693 fiir
2154 3638 2551 3693 unbedeutend
2570 3638 2691 3693 hal-

1572 3712 1671 3765 ten
1692 3727 1839 3780 mag,
1860 3708 1951 3763 die
1972 3711 2108 3766 aber
2131 3709 2499 3765 meistenteils
2529 3709 2691 3763 mehr

1574 3780 2695 3852 61861166ωιᾱ616(616π666111111611616

1573 3850 2014 3922 Eigenschaften
2070 3871 2124 3907 u.
2181 3851 2545 3920 Leistungen)
2603 3849 2696 3904 die

1574 3923 1781 3978 Liebe
1801 3964 1813 3977 .
1836 3962 1849 3975 .
1870 3922 2257 3978 verschaffen'.
2287 3952 2355 3962 —
2392 3921 2698 3975 militari

1571 3996 1771 4064 vulqo
1840 3992 1992 4048 ‘dem
2055 3990 2517 4048 Soldatenvolke’
2587 3990 2695 4045 wie

1572 4065 1686 4119 mil.
1724 4065 1891 4120 turba
1928 4070 2008 4118 10.
2054 4070 2101 4121 6.
2132 4070 2192 4131 83
2227 4064 2424 4131 vulqus
2458 4062 2697 4117 militum

1578 4142 1625 4190 7.
1656 4142 1705 4190 2.
1737 4141 1821 4190 33.
1887 4134 2016 4205 Vgl.
2048 4136 2193 4189 auch
2220 4133 2353 4187 Tac.
2382 4148 2507 4188 ann.
2542 4138 2593 4189 2.
2626 4138 2695 4189 59

1573 4208 1748 4262 multa
1782 4208 1849 4260 in
1881 4208 2079 4275 vulqus
2110 4210 2291 4274 yrata.

1646 4283 1732 4332 20.
1770 4277 2034 4345 ἱπροπίι·
2063 4316 2076 4329 .
2112 4316 2123 4329 .
2154 4274 2421 4330 artibus
2466 4274 2695 4330 ‘natfirL

1576 4345 1977 4415 Geistesgaben
2014 4347 2147 4400 oder
2196 4343 2695 4417 Charaktereigen-
