3069 4749
434 137 565 202 130
1326 137 1391 204 Q.
1430 137 1651 195 GURTI
1686 139 1860 194 RUFI

428 299 652 364 eadem
699 299 913 365 omnis
957 300 1329 366 coniuratos
1364 302 1558 366 nocte
1595 301 1928 386 excubare,
1971 324 2054 367 ne
2091 303 2174 366 ab
2214 302 2584 386 expertibus
2623 325 2776 369 con-

331 401 395 450 11
436 389 569 456 silii
606 389 1075 475 inpedirentur:
1120 388 1288 453 forte
1326 394 1546 454 autem
1584 390 1752 456 alius
1791 390 1922 456 alia
1955 395 2146 456 nocte
2183 392 2560 458 excubabat.
2639 391 2775 472 lta-

428 500 551 563 que
595 479 661 542 in
708 477 1154 562 permutandis
1200 479 1558 544 stationum
1601 479 1856 544 vicibus
1904 483 2246 565 ceteroque
2283 483 2600 564 apparatu
2635 503 2776 547 exe-

324 579 389 627 12
426 566 715 652 quendae
760 568 856 632 rei
900 584 1051 632 xxx
1096 570 1165 631 et
1209 567 1337 631 duo
1382 567 1519 632 dies
1559 569 1890 652 absumpti
1927 572 2093 634 sunt.
2174 569 2427 635 Aderat
2459 591 2606 653 nox,
2643 593 2776 656 qua
2799 574 2894 637 22

427 657 753 722 coniurati
798 655 1111 721 excubare
1156 655 1494 741 debebant,
1539 661 1768 722 mutua
1811 657 1938 722 fide
1984 658 2162 742 laeti,
2207 659 2386 723 cuiun
2433 658 2772 724 documen-

425 749 567 810 tum
603 749 707 810 tot
742 745 879 810 dies
914 745 1193 808 fuerant.
1264 743 1610 809 Neminem
1645 750 1860 810 metus
1897 767 2126 830 spesve
2153 751 2548 812 mutaverat:
2585 753 2776 813 tanta

323 846 389 895 13
426 834 731 900 omnibus
784 834 886 900 vel
940 834 1009 897 in
1054 853 1275 918 regem
1321 833 1421 898 ira
1446 836 1568 926 xvel
1613 835 1774 900 fides
1820 836 1991 900 inter
2034 835 2214 919 ipsos
2259 835 2402 900 fuit.
2493 833 2777 902 Stabant

424 923 629 1008 igitur
676 923 757 986 ad
802 921 977 988 fores
1024 922 1203 986 aedis
1248 922 1413 1006 eiuS,
1456 923 1528 988 in
1574 945 1704 1008 qua
1745 945 1858 988 rex
1906 925 2313 1003 vescebatur,
2359 927 2430 990 ut
2477 926 2773 991 convivio

320 1023 389 1073 14
426 1032 758 1096 egressum
802 1011 874 1075 in
920 1010 1283 1076 cubiculum
1329 1011 1730 1077 deducerent.
1824 1010 1949 1078 Sed
1993 1013 2257 1078 fortuna
2299 1013 2506 1097 ipsius
2553 1015 2773 1079 simul·

426 1121 549 1185 que
613 1100 1015 1184 epulantium
1080 1101 1353 1165 comitas
1419 1101 1720 1186 provexit
1782 1123 2008 1167 omnes
2071 1102 2154 1168 ad
2212 1102 2458 1186 largius
2523 1103 2772 1168 vinum:

426 1188 562 1254 ludi
610 1190 807 1253 etiam
854 1189 1219 1254 convivales
1266 1193 1604 1256 extraxere
1648 1194 1927 1274 tempus,
1971 1211 2141 1256 nunc
2186 1191 2584 1256 laetantibus
2625 1213 2773 1257 con-

424 1278 687 1361 iuratis,
732 1276 901 1361 quod
948 1279 1232 1361 sopitum
1278 1278 1653 1364 adgressuri
1699 1283 1943 1363 essent,
1988 1301 2156 1346 nunc
2202 1279 2529 1364 sollicitis,
2574 1302 2656 1345 ne
2703 1281 2774 1345 in

322 1380 389 1429 15
425 1366 633 1431 lucem
678 1367 1046 1432 convivium
1093 1367 1479 1433 extraheret.
1571 1367 1824 1453 Quippe
1871 1369 2036 1434 alios
2084 1370 2152 1433 in
2199 1367 2548 1435 stationem
2587 1391 2774 1453 opor-

424 1456 607 1520 tebat
650 1456 862 1540 prima
908 1455 1049 1520 luce
1097 1457 1439 1522 succedere
1482 1457 1775 1540 ipsorum
1821 1461 1978 1541 post
2012 1458 2363 1542 septimum
2401 1457 2570 1522 diem
2607 1457 2772 1524 redi-

424 1549 573 1610 tura
616 1546 783 1610 vice:
826 1564 949 1610 nec
994 1566 1254 1628 sperare
1299 1548 1607 1631 poterant
1648 1546 1718 1610 in
1754 1545 1915 1610 illud
1951 1550 2211 1632 tempus
2247 1546 2550 1611 omnibus
2587 1546 2772 1611 dura-

326 1647 390 1696 16
425 1637 643 1699 turam
688 1633 899 1699 fidem.
990 1631 1295 1698 Ceterum
1340 1656 1485 1700 cum
1530 1635 1664 1699 iam
1711 1634 1822 1700 lux
1869 1635 2231 1720 adpeteret,
2288 1638 2352 1701 et
2405 1636 2773 1700 convivium

424 1722 697 1788 solvitur
753 1727 820 1787 et
865 1723 1187 1788 coniurati
1234 1727 1623 1809 exceperunt
1667 1743 1917 1806 regem,
1972 1724 2130 1789 laeti
2175 1724 2579 1790 occasionem
2625 1746 2768 1789 exe·
3047 1715 3049 1814 Ῑ

424 1812 661 1895 quendi
717 1811 977 1877 sceleris
1038 1812 1398 1876 admotam:
1464 1833 1610 1877 cum
1657 1813 1891 1877 mulier
1937 1813 2282 1895 attonitae,
2334 1817 2409 1877 ut
2455 1814 2771 1878 creditum
3047 1823 3049 1878 l

425 1909 543 1982 est,
590 1901 825 1965 mentis
873 1900 1239 1964 conversari
1283 1901 1354 1964 in
1398 1901 1583 1984 regia
1629 1901 1843 1985 solita,
1890 1903 2042 1986 quia
2085 1902 2394 1967 instinctu
2433 1902 2772 1967 videbatur

420 1988 645 2054 futura
689 1988 1073 2073 praedicere,
1118 2011 1251 2054 non
1298 1990 1583 2054 occurrit
1627 1989 1816 2054 modo
1855 1989 2137 2074 abeunti,
2184 1990 2295 2056 sed
2332 1989 2525 2054 etiam
2565 1996 2771 2056 semet

424 2078 663 2143 obiecit
707 2078 1015 2161 vultuque
1063 2082 1129 2143 et
1174 2078 1376 2143 oculis
1423 2081 1675 2142 motum
1719 2079 2092 2162 praeferens
2140 2078 2368 2162 animi,
2413 2084 2488 2143 ut
2531 2079 2772 2144 rediret

321 2179 386 2227 17
424 2167 494 2230 in
540 2166 907 2231 convivium
954 2168 1221 2232 monuit.
1312 2167 1405 2232 Et
1455 2167 1566 2231 ille
1612 2189 1729 2250 per
1773 2168 2024 2251 ludum,
2069 2167 2234 2232 bene
2283 2168 2436 2232 deos
2483 2167 2770 2252 suadere,

424 2255 763 2338 respondit
814 2258 1263 2340 revocatisque
1324 2255 1548 2320 amicis
1604 2255 1672 2321 in
1725 2255 1954 2322 horam
2001 2256 2128 2322 diei
2173 2256 2373 2320 ferme
2421 2257 2768 2322 secundam

322 2356 387 2406 18
426 2342 702 2409 convivii
755 2346 1014 2427 tempus
1072 2344 1367 2411 extraxit.
1466 2343 1610 2410 Iam
1667 2345 1775 2411 alii
1833 2367 1911 2411 ex
1973 2344 2234 2413 cohorte
2295 2346 2366 2411 in
2421 2345 2768 2412 stationem

426 2436 869 2498 successerant
921 2437 1072 2497 ante
1118 2434 1394 2499 cubiculi
1436 2434 1613 2499 fores
1661 2435 2050 2520 excubituri,
2103 2436 2313 2500 adhuc
2357 2439 2580 2501 tamen
2624 2457 2769 2500 con·

422 2522 620 2585 iurati
668 2520 930 2586 stabant
974 2522 1112 2587 vice
1168 2522 1369 2587 officii
1425 2524 1528 2587 sui
1575 2524 1858 2607 expleta:
1914 2524 2074 2590 adeo
2121 2525 2422 2608 pertinax
2467 2546 2614 2608 spes
2651 2528 2769 2607 est,

426 2749 645 2816 lotan,
710 2748 819 2803 den
874 2749 1028 2805 Sohn
1090 2750 1190 2805 des
1244 2748 1542 2805 Thraciers
1726 2756 1808 2807 15.
1858 2752 2014 2807 vice.
2087 2750 2201 2805 Der
2238 2750 2501 2821 Singular
2535 2752 2613 2806 ist
2645 2751 2771 2805 hier

424 2818 623 2875 Cat-sis.
696 2820 761 2873 In
798 2821 900 2876 der
925 2821 1157 2891 Angabe
1193 2822 1296 2876 der
1320 2821 1542 2876 Namen
1648 2823 1762 2876 und
1821 2827 1852 2888 5
1902 2828 1968 2878 18
2021 2821 2267 2877 insofern
2322 2820 2766 2892 gerechtfertigt,

426 2888 633 2946 weicht
668 2890 869 2946 Ari-ian
902 2892 1217 2947 theilweise
1252 2892 1341 2947 ab.
1647 2893 1732 2947 als
1778 2892 1890 2947 alle
1939 2900 1971 2948 9
2016 2894 2075 2947 in
2120 2892 2274 2948 einer
2318 2895 2431 2947 und
2477 2892 2768 2949 derselben

496 2968 578 3016 10.
618 2964 700 3017 ab
734 2964 1167 3033 expertibus
1194 2963 1540 3031 consilii,
1646 2963 1838 3019 Nacht
1863 2980 1937 3018 an
1963 2963 2056 3017 die
2077 2963 2256 3018 Reihe
2283 2964 2503 3021 kamen.
2562 2963 2767 3018 Ueber-

424 3031 821 3089 Construktion
849 3035 957 3089 wie
984 3040 1034 3089 9.
1066 3040 1116 3091 9.
1148 3041 1175 3088 1
1215 3036 1333 3089 εἰπε
1366 3036 1542 3102 reyio-
1648 3037 1822 3089 setae:
1879 3035 1970 3088 ihr
2006 3034 2220 3091 Dienst.
2260 3066 2328 3077 -
2364 3036 2768 3090 duraturam

420 3105 513 3158 nis
549 3106 774 3173 periti83
826 3111 909 3163 10.
948 3112 997 3161 6.
1038 3112 1107 3161 20
1153 3106 1221 3160 de
1255 3106 1539 3161 nobiliori·
1645 3106 1736 3159 fiir
1761 3108 2238 3174 (permansuram.
2305 3106 2359 3161 S.
2389 3104 2481 3160 die
2508 3108 2670 3159 Anm.
2700 3122 2767 3159 zu

423 3175 523 3230 bus
559 3194 722 3244 quam
757 3178 845 3231 hic
878 3183 970 3231 est.
1651 3181 1700 3231 8.
1740 3182 1789 3232 4.
1832 3182 1915 3231 14.

499 3252 579 3301 12.
618 3248 870 3302 aderat.
916 3248 1065 3303 wir:
1099 3248 1349 3304 ‘endlich
1368 3248 1543 3303 brach
1723 3253 1806 3303 16.
1863 3251 2291 3315 exceperunt,
2335 3264 2430 3300 um
2475 3247 2577 3300 ihn
2621 3247 2765 3299 nach

422 3316 539 3372 an’.
606 3316 657 3371 S.
691 3317 829 3373 Einl.
864 3324 896 3384 9
925 3326 991 3373 52
1012 3336 1062 3374 a.
1094 3352 1158 3359 -
1198 3320 1540 3374 debebant.
1650 3320 1777 3373 dem
1816 3317 2240 3373 Schlafzimmer
2283 3336 2351 3371 zu
2395 3318 2656 3387 geleiten.
2695 3346 2764 3357 -——

420 3388 489 3443 In
514 3388 793 3457 gleichem
813 3388 981 3443 Sinne
1008 3392 1288 3459 oportebat
1313 3396 1345 3456 ξ
1366 3397 1448 3445 15.
1470 3420 1540 3433 ·—
1650 3390 2001 3445 attonitae.
2049 3394 2146 3444 att.
2167 3387 2290 3443 hier
2305 3389 2383 3441 im
2403 3392 2580 3458 guten
2597 3387 2766 3443 Sinne

421 3464 651 3515 mutua
670 3484 738 3507 ===
756 3461 901 3515 inter
926 3460 1074 3529 ipsos
1091 3461 1170 3515 im
1187 3461 1539 3545 Fulgendem
1649 3485 1718 3507 =
1767 3459 2130 3531 prophetisch
2175 3456 2628 3529 (ἐνθουσιάζων).
2705 3460 2768 3512 In

422 3530 709 3586 ubersetze
736 3531 867 3586 frei=
906 3548 1015 3587 von
1043 3532 1195 3587 allen
1223 3532 1413 3588 Sexten
1440 3533 1538 3588 be·
1650 3532 1750 3585 der
1777 3530 1956 3602 Regel
1990 3530 2068 3585 ist
2101 3532 2370 3585 attonitus
2395 3531 2501 3585 wie
2531 3526 2765 3604 ἐμβρόν-

422 3602 617 3657 wahrt.
1648 3622 1811 3671 τητος
1855 3602 2033 3657 soviel
2080 3601 2164 3656 als
2209 3608 2456 3672 stupens,
2492 3602 2764 3669 stupidae.

496 3679 580 3727 14.
627 3674 931 3742 comitae,
976 3674 1344 3744 Frohsinn,
1382 3673 1541 3729 Hei·
1649 3674 1714 3728 In
1758 3672 1936 3728 Prosa
1979 3673 2057 3727 ist
2099 3673 2204 3727 das
2249 3672 2415 3727 Wort
2458 3672 2609 3726 wohl
2653 3673 2768 3725 erst

423 3744 709 3815 torkeit‚
763 3744 871 3800 wie
922 3745 1065 3800 oben
1111 3752 1159 3799 4.
1210 3752 1295 3803 23.
1378 3744 1540 3799 Auch
1650 3746 1756 3799 seit
1785 3744 1976 3798 Livius
2013 3742 2222 3797 ublioh.
2285 3743 2445 3797 Nach
2475 3742 2768 3797 Aristobul

424 3814 707 3871 Classiker
739 3816 1023 3872 brauchen
1050 3818 1369 3887 provehere,
1411 3832 1540 3885 pro-
1645 3817 1807 3870 hatte
1837 3814 2018 3869 dieses
2035 3812 2219 3882 Weib,
2249 3814 2372 3869 eine
2403 3814 2627 3883 Syrerin
2655 3829 2768 3868 von

422 3886 544 3941 vehi
585 3904 647 3941 so
694 3886 956 3955 bildlich,
1002 3889 1185 3943 zumal
1232 3905 1343 3943 von
1390 3886 1540 3942 exci-
1647 3886 1884 3954 Geburt‚
1950 3885 2159 3939 Zutritt
2220 3886 2369 3941 beim
2425 3883 2642 3953 Konige
2699 3901 2766 3938 zu

421 3957 679 4012 tirenden
729 3958 1007 4014 Affekten.
1059 3990 1131 4001 —-
1186 3960 1333 4013 ludi
1386 3974 1538 4012 con-
1643 3957 1804 4027 Jeder
1827 3954 1948 4011 Zeit
1975 3956 2071 4011 des
2090 3957 2272 4027 Tages
2300 3957 2414 4010 und.
2441 3958 2541 4009 der
2558 3955 2762 4010 Nacht.

422 4030 677 4083 vivalee
712 4030 818 4083 wie
857 4036 907 4086 4.
938 4036 1022 4085 29.
1054 4062 1120 4071 -
1160 4036 1543 4095 extraceere,
1661 4058 1716 4067 -
1755 4029 2118 4094 instinctu,
2163 4028 2334 4087 nami.
2371 4028 2588 4092 divino,
2633 4026 2762 4079 d..i.

421 4101 571 4168 poet.
608 4118 662 4154 u.
709 4102 1016 4157 nachclass.
1062 4101 1151 4155 fiir
1195 4102 1432 4168 effecere,
1476 4104 1544 4154 ut
1648 4098 1708 4153 in
1744 4099 1920 4169 Folge
1955 4100 2258 4169 gbttlicher
2291 4098 2642 4168 Eingebung.

424 4172 799 4225 extraheretur
832 4178 1039 4241 tempus
1075 4172 1313 4226 convivii
1350 4174 1402 4241 (ἕ
1433 4173 1541 4239 17).
1723 4176 1804 4225 18.
1835 4172 1974 4225 vice
2001 4188 2048 4226 ο.
2067 4187 2110 4227 8.
2140 4171 2418 4239 expleta.
2473 4168 2634 4223 Sinn:
2665 4169 2764 4223 ob-

424 4239 699 4294 Aehnlich
728 4248 777 4297 8.
811 4247 891 4295 14.
922 4244 991 4296 28
1028 4258 1226 4312 anceps
1252 4258 1451 4312 puyna
1477 4244 1544 4297 ἐκ
1647 4241 1834 4310 gleich
1907 4243 1988 4297 sie
2058 4242 2220 4296 ihren
2281 4239 2766 4310 pflichtmassigen

425 4309 655 4363 multum
690 4313 804 4366 diei
839 4316 1109 4369 certamen
1144 4314 1405 4369 extraxit.
1646 4314 1846 4379 (officii
1866 4315 1980 4381 sud)
1989 4312 2188 4367 Dienst-
2205 4311 2409 4366 bereits
2430 4310 2764 4380 abgeleistet
