3069 4749
934 167 1437 220 mSTomARUM
1472 167 1896 220 ALEXANDRI
1931 169 1996 233 v,
2039 172 2122 221 13.
2563 165 2711 230 —213

357 331 697 414 yloriosam
742 333 1001 394 aetatem
1045 329 1253 412 exigat
1292 349 1558 411 suaeque
1597 329 1846 394 virtutis
1889 349 2120 394 memor
2163 349 2303 394 eum
2345 328 2539 393 matri
2575 329 2713 394 libe-

363 419 571 501 risque
622 418 775 482 meis
830 419 1026 482 locum
1084 419 1257 500 apud
1276 479 1289 493 ,
1306 438 1370 483 se
1423 437 1546 482 esse
1595 418 1913 502 patiatur,
1965 438 2142 500 quem
2197 419 2296 484 illi
2350 417 2473 500 fide
2514 421 2574 481 et
2615 417 2712 482 ob-

364 508 569 590 sequio
615 507 967 572 meruerint.
1059 507 1153 570 At
1177 507 1546 588 parricidas
1588 511 1950 590 promptum
1993 508 2251 572 exitium
2294 510 2714 588 consequatur,

364 598 527 679 quod
580 595 941 660 Alexander
1002 595 1339 681 inroyabit,
1401 597 1459 660 si
1519 615 1648 660 non
1703 595 2128 661 misericordia
2189 595 2456 676 infelicis
2507 594 2714 673 hostis,

366 687 503 751 odio
547 685 767 750 saltem
810 684 1190 766 facinorum,
1215 717 1219 721 ·
1244 689 1304 750 et
1351 704 1429 748 ne
1480 685 1778 766 inpunita
1832 684 1904 749 in
1955 684 2228 750 aliorum
2272 685 2459 750 etiam
2501 703 2716 767 reyum

364 776 661 856 suumque
704 774 903 856 ipsius
946 773 1207 838 exitium
1250 771 1620 855 erumpant?
1709 771 1864 838 Post
1903 772 2050 838 haec
2061 824 2078 856 ,
2133 793 2274 838 cum
2315 774 2424 838 siti
2467 793 2714 855 angere·

366 868 493 942 twr,
537 862 759 927 adlata
798 882 917 944 per
961 860 1389 945 Polystratum
1441 882 1611 944 aqua
1664 867 1997 947 recreatus,
2045 861 2271 945 ‘Eryo'
2287 911 2304 940 ,
2359 862 2479 947 ait,
2524 860 2718 926 ‘hanc

366 952 551 1016 etiam
606 951 799 1016 tantis
852 950 1311 1016 calamitatibus
1372 955 1705 1016 extremam
1769 952 2042 1016 accedere
2095 950 2388 1034 oportuit,
2449 955 2524 1016 ut
2573 949 2718 1014 bene

364 1041 581 1104 merito
628 1041 907 1123 qratiam
951 1039 1179 1120 referre
1222 1059 1350 1104 non
1392 1040 1666 1124 possim:
1719 1044 1792 1104 at
1831 1040 2052 1120 referet
2091 1039 2479 1118 Alexander,
2523 1038 2716 1104 Alex-

365 1129 563 1194 andro
624 1149 765 1193 vero
824 1126 939 1194 di.'
1030 1127 1342 1194 Dextram
1402 1129 1620 1194 deinde
1670 1130 1987 1211 protendit
2048 1149 2299 1211 eamque
2343 1127 2718 1194 Alexandro

364 1218 509 1299 fidei
551 1218 755 1300 reyiae
785 1220 1021 1300 piqnus
1062 1217 1221 1298 ferri
1264 1217 1479 1282 iubens
1522 1217 1903 1299 apprehensa
1948 1216 2294 1302 Polystrati
2336 1237 2534 1283 manu
2578 1217 2718 1282 ani-

364 1326 536 1370 mam
578 1306 832 1387 efflavit.
886 1305 1244 1371 Alexander
1286 1327 1375 1370 an
1408 1307 1684 1389 spiranti
1715 1305 1920 1374 adhuc
1951 1307 2382 1390 supervenerit,
2416 1309 2720 1373 incertum

364 1399 484 1460 est:
529 1395 695 1460 illud
735 1399 975 1460 constat
1014 1395 1357 1460 miserabili
1398 1397 1562 1477 reyis
1613 1395 2060 1478 opulentissimi
2103 1396 2273 1461 exitu
2307 1399 2588 1480 conperto
2623 1414 2716 1459 co-

354 1484 572 1566 piosas
618 1484 913 1548 lacrimas
938 1483 1295 1566 profudisse
1326 1485 1660 1566 statimque
1693 1483 2005 1567 chlamyde
2037 1484 2160 1550 sibi
2193 1485 2465 1550 deiram
2500 1501 2719 1568 corpus

366 1573 669 1654 operuisse
712 1577 770 1637 et
809 1593 1037 1656 magno
1082 1592 1223 1637 cum
1265 1572 1491 1638 honore
1534 1574 1623 1638 ad
1663 1593 1806 1638 suos
1849 1573 2078 1654 deferri
2121 1574 2391 1651 iussisse,
2437 1578 2512 1638 ut
2551 1572 2718 1655 reqio

366 1659 705 1726 Persarum
756 1682 925 1726 more
980 1667 1265 1726 curatum
1328 1663 1742 1727 monumentis
1793 1663 2108 1727 maiorum
2165 1662 2516 1743 inferretur.
2605 1661 2717 1726 In-

360 1751 807 1832 yratitudinem
841 1749 1190 1829 hominum,
1245 1770 1289 1814 a
1332 1751 1474 1833 quis
1518 1771 1640 1833 pro
1684 1753 1944 1817 summis
1989 1751 2292 1834 beneficiis
2335 1751 2570 1816 crudele
2603 1770 2718 1815 fex-

366 1839 549 1903 itium
594 1838 848 1904 Dareus
896 1840 1175 1921 pertulit,
1242 1859 1622 1922 quamquam
1675 1844 1886 1922 suopte
1939 1841 2183 1922 inqenio
2237 1839 2610 1905 horrendam
2663 1843 2722 1904 et

368 1927 785 2010 execrabilem,
838 1929 1181 2011 insiyniore
1232 1929 1321 1993 ad
1362 1929 1785 2010 posteritatem
1841 1927 2119 2009 infamia
2176 1929 2501 1994 damnavit
2543 1929 2718 1992 canis

368 2016 691 2081 cuiusdam
734 2017 905 2082 mira
946 2018 1114 2099 fides,
1158 2018 1269 2099 qui
1313 2018 1391 2083 ab
1437 2017 1720 2082 omnibus
1759 2017 2190 2098 familiaribus
2229 2018 2508 2083 derelicto
2551 2016 2720 2082 solus

370 2104 577 2185 adfuit
627 2110 707 2187 et,
761 2125 951 2188 quam
1002 2107 1075 2170 in
1127 2107 1335 2171 vivum
1382 2127 1544 2189 prae
1587 2125 1650 2171 se
1693 2105 1838 2170 tulit
1889 2105 2386 2185 benevolentiam,
2432 2106 2721 2172 morienti

368 2213 599 2275 quoque
644 2156 988 2260 constanter
1022 2197 1355 2278 praestitit.
1444 2195 1640 2260 Hunc
1693 2197 1855 2260 vitae
1907 2197 2096 2298 finem
2148 2197 2402 2261 sortitus
2455 2200 2544 2260 est
2596 2195 2720 2277 ille,

368 2302 545 2364 quem
589 2281 766 2348 modo
810 2284 1180 2350 contumelia
1224 2284 1413 2367 adfici
1442 2285 1774 2368 putabant,
1818 2285 1943 2350 nisi
1985 2305 2185 2369 reyem
2230 2305 2442 2368 reyum
2486 2287 2544 2349 et
2585 2283 2720 2348 deo-
2767 2353 2772 2358 ,

368 2391 511 2437 rum
550 2373 1071 2477 consanyuineum
1104 2374 1483 2439 salutarent:
1528 2394 1870 2457 maynoque
1905 2376 2129 2439 iterum
2163 2376 2572 2477 experimento
2609 2373 2718 2438 ad-
2814 2399 2821 2406 ·

360 2460 691 2542 probatum
737 2467 847 2541 est,
894 2464 1200 2528 neminem
1235 2464 1437 2565 mayis
1474 2468 1689 2545 patere
1729 2464 2032 2549 fortunae,
2071 2485 2260 2567 quam
2295 2465 2404 2547 qui
2427 2463 2722 2547 pluribus

370 2546 635 2615 eiusdem
680 2550 1002 2617 blanditiis
1046 2552 1334 2618 inretitus
1378 2553 1593 2637 iuyum
1637 2552 1812 2619 illius
1859 2558 1986 2618 tota
2029 2553 2250 2619 cervioe
2293 2554 2594 2635 receperit.
