3069 4749
1030 1023 1127 1124 Q.
1173 1022 1556 1106 OURTI
1601 1022 1909 1105 RUFI

1210 1193 1720 1250 HISTORIARUM

731 1376 1623 1476 ALEXANDRI
1703 1373 2202 1472 MAGNI

1176 1567 1758 1636 MAGEDole

1254 1743 1475 1798 LIBER
1510 1741 1685 1798 VIIII.

1350 1905 1509 1972 GAP.
1553 1905 1605 1970 I.

243 2056 273 2118 1
480 2050 866 2134 Alexander,
899 2053 1038 2114 tam
1074 2047 1482 2114 memorabili
1518 2047 1794 2112 victoria
1828 2047 2064 2132 laetus,
2101 2069 2229 2132 qua
2263 2047 2393 2114 sibi
2426 2045 2650 2114 Orien·
2690 2070 2718 2118 1

299 2141 387 2206 tis
424 2139 574 2204 finis
612 2142 872 2224 apertos
910 2160 1052 2203 esse
1090 2137 1423 2220 censebat,
1468 2134 1607 2201 Soli
1645 2135 1928 2201 victimis
1966 2136 2172 2201 eaesis
2215 2135 2458 2202 milites
2499 2159 2651 2223 quo-

298 2251 421 2315 que
430 2279 449 2314 ,
494 2250 623 2312 quo
667 2227 1177 2313 promptioribus
1226 2225 1458 2290 animis
1503 2224 1758 2308 reliqua
1801 2225 1959 2289 belli
2005 2225 2291 2309 obirent,
2328 2247 2460 2309 ‚pro
2506 2247 2652 2291 oon-

295 2319 475 2384 tione
520 2317 819 2383 laudatos
864 2315 1110 2401 docuit,
1158 2312 1469 2401 quidquid
1504 2312 1685 2379 Indis
1721 2312 1959 2379 virium
2001 2313 2264 2398 fuisset,
2309 2313 2426 2380 illa
2471 2313 2652 2381 dimi-

298 2408 555 2474 catione
591 2409 1021 2492 prostratum:
1069 2408 1284 2471 cetera
1322 2404 1610 2488 opimam
1644 2402 1954 2487 praedam
1988 2403 2130 2471 fore
2169 2404 2651 2489 celebratasque
2689 2426 2720 2472 2

185 2556 193 2563 .
300 2518 457 2581 opes
494 2496 567 2560 in
602 2517 679 2561 ea
719 2496 986 2581 regione
1022 2494 1331 2579 eminere,
1378 2514 1575 2579 quam
1620 2494 1935 2576 peterent
2007 2491 2290 2558 Proinde
2327 2493 2463 2559 iam
2497 2494 2654 2559 vilia

300 2589 368 2649 et
422 2584 723 2649 obsoleta
777 2605 919 2649 esse
974 2584 1187 2667 spolia
1245 2581 1325 2647 de
1378 2580 1624 2647 Persis:
1689 2581 1967 2665 gemmis
2031 2581 2531 2667 margaritisque
2587 2586 2654 2647 et

303 2694 462 2737 auro
510 2675 703 2756 atque
750 2672 943 2737 ebore
987 2670 1437 2736 Macedoniam
1479 2669 1976 2755 Graeciamque,
2019 2692 2152 2735 non
2191 2668 2350 2735 ‘suas
2394 2675 2652 2736 tantum

303 2760 532 2826 domos
596 2760 937 2844 repletum.
969 2760 1084 2823 ire.
1184 2758 1377 2825 Avidi
1439 2758 1686 2824 milites
1753 2762 1821 2823 et
1882 2759 2194 2843 pecuniae
2258 2762 2324 2824 et
2387 2760 2652 2844 gloriae,
2691 2780 2722 2829 3

304 2849 498 2915 simul
546 2849 701 2933 quia
734 2870 1086 2933 numquam
1124 2869 1235 2913 eos
1274 2846 1642 2913 adfirmatio
1681 2846 1820 2911 eius
1864 2845 2216 2929 fefellerat,
2261 2846 2656 2930 pollicentur

302 2959 585 3021 operam.
665 2935 1101 3021 Dimissisque
1144 2956 1289 3001 eum
1333 2936 1507 3001 bona
1553 2957 1670 3020 spe
1712 2936 1978 3021 navigia
2015 2935 2419 2999 exaedificari
2452 2936 2654 3020 iubet,

302 3031 402 3109 ut,
458 3048 603 3091 eum
658 3029 869 3091 totam
926 3025 1154 3091 Asiam
1207 3024 1747 3110 percucurrisset,
1811 3024 2008 3088 finem
2062 3026 2411 3108 terrarum,
2473 3046 2652 3090 mare

754 3252 867 3307 cu
923 3252 949 3307 Ι
1531 3214 1724 3269 Diu-eh
1760 3220 1812 3269 st
1846 3215 2071 3270 werden
2109 3215 2232 3270 hier
2267 3214 2404 3271 zvei
2439 3232 2654 3273 zusam-

874 3295 885 3307 ·
954 3294 966 3307 ·
1531 3285 1958 3356 menhangende
2001 3286 2182 3341 Patre
2224 3303 2342 3341 von-
2384 3286 2654 3341 Substan-

371 3366 420 3416 1.
450 3359 495 3413 S
503 3361 599 3415 oli
608 3379 629 3425 ,·
666 3358 776 3413 den
804 3357 998 3413 Grund
1028 3356 1191 3445 giebt
1214 3357 1426 3413 Diodor
1532 3355 1690 3411 tiven
1721 3356 2061 3413 verbunden.
2125 3357 2403 3413 Aehnlieh
2432 3364 2482 3415 3.
2511 3364 2564 3413 5.
2592 3363 2652 3423 93

302 3446 398 3485 ana
437 3424 513 3491 ὥς
550 3426 827 3485 δεδωκότι
861 3428 934 3483 τὰ
971 3445 1112 3499 προς
1136 3423 1424 3497 ἀνατολὴν
1531 3432 1582 3481 4.
1626 3431 1710 3481 12.
1751 3432 1836 3483 12.
1867 3458 1933 3467 -
1961 3429 2288 3497 repletum
2321 3430 2448 3495 irs,
2481 3428 2654 3484 nflml.

303 3500 445 3569 μέρη
485 3498 1011 3569 καταστρέψασθαι.
1050 3528 1121 3541 -
1152 3500 1427 3569 reliqua
1531 3513 1635 3553 sos.
1701 3496 1830 3580 Vgl.
1867 3504 2126 3569 ereptum,
2163 3505 2542 3571 oppuynatum
2573 3500 2657 3556 irs

274 3570 495 3638 ·bezzi‚
538 3571 647 3625 wie
694 3577 744 3626 7.
791 3576 839 3627 5.
888 3576 973 3626 27.
1058 3568 1132 3624 So
1185 3569 1428 3625 braueht
1531 3567 1626 3623 bei
1660 3568 1870 3627 Livius.

301 3640 521 3697 Livium
575 3642 765 3696 subita
815 3642 969 3708 belli,
1023 3641 1207 3696 media
1252 3642 1427 3707 urbis,
1605 3644 1656 3695 3.
1710 3640 1913 3696 simul
1966 3642 2144 3711 quia.
2235 3640 2516 3697 Aehnlieh
2569 3640 2656 3697 in·

301 3716 543 3767 eoewema
576 3712 815 3781 agminis
850 3730 905 3767 u.
944 3712 1122 3781 dei-gl.
1531 3709 1770 3765 eoncinn
1795 3716 1845 3766 7.
1865 3716 1915 3767 2.
1938 3717 2004 3767 21
2035 3713 2169 3767 dum
2203 3713 2443 3767 laetatur
2466 3712 2655 3769 simul·

373 3788 423 3839 2.
462 3784 744 3853 opimam
788 3784 1127 3853 praedam.
1200 3781 1424 3837 Ebenso
1530 3797 1634 3850 que
1685 3781 1916 3848 avidum
1970 3789 2022 3838 4.
2081 3789 2164 3839 12.
2225 3788 2294 3839 18
2347 3784 2460 3838 sive
2509 3788 2656 3838 metu

300 3855 447 3909 oben
474 3860 523 3908 5.
556 3858 603 3909 1.
634 3859 686 3908 4.
706 3882 771 3893 --
792 3854 1083 3909 eminere
1110 3878 1181 3901 -ι
1206 3854 1425 3911 ammae
1530 3852 1644 3907 sive
1692 3853 1828 3923 quia
1863 3858 1986 3909 erat
2017 3872 2073 3909 u.
2111 3859 2164 3909 ὅ.
2234 3854 2348 3909 Das
2391 3853 2654 3925 folgende

300 3926 509 3991 adesse,
565 3928 864 3993 suppetere.
943 3924 1072 3995 Vgl.
1130 3929 1181 3978 8.
1230 3930 1280 3979 1.
1327 3929 1425 3991 5⁰3
1530 3923 1670 3991 quia
1712 3923 1826 3993 gab
1870 3924 2023 3979 wohl
2065 3924 2268 3980 Anlass
2315 3942 2440 3979 zum
2483 3926 2560 3980 W

301 4002 351 4051 8.
390 4001 474 4050 12.
517 4000 603 4050 13.
651 4024 719 4035 --
766 3996 991 4064 spolia
1038 3997 1115 4051 ds
1162 3995 1424 4063 Per-8683
1530 3992 1758 4049 bleiben
1814 3993 1912 4049 des
1967 3995 2368 4064 copulirenden
2451 4010 2537 4051 uo.
2583 4027 2654 4037 --

297 4066 405 4121 wie
450 4072 500 4121 8.
553 4071 602 4121 8.
656 4072 717 4133 93
772 4070 821 4121 9.
871 4072 955 4121 10.
1005 4071 1073 4121 12
1124 4067 1307 4137 spolia
1358 4066 1425 4121 de
1529 4064 1990 4135 dimissisque,
2033 4065 2202 4121 naml.
2239 4068 2344 4135 iis;
2383 4080 2422 4119 a
2458 4066 2496 4121 1.
2533 4066 2653 4123 abs.

297 4138 557 4192 hostibus.
631 4136 737 4191 Die
775 4136 1060 4193 Classiker
1094 4138 1284 4193 setzen
1323 4136 1423 4191 da-
1529 4133 1754 4189 Ebenso
1805 4135 1883 4190 ist
1936 4136 2037 4191 das
2085 4136 2328 4207 Subjekt
2379 4153 2484 4193 aus
2526 4137 2654 4193 dem

297 4207 389 4261 fur
423 4208 535 4262 den
569 4210 774 4277 genet„
812 4209 923 4263 den
956 4207 1103 4263 auch
1131 4206 1189 4263 C.
1226 4207 1422 4262 ander·
1528 4204 2048 4276 Vorhergehenden
2082 4225 2148 4261 zu
2187 4208 2526 4263 entnehmen
2558 4206 2658 4263 bei

299 4279 469 4333 warte
489 4278 771 4334 hat—et
797 4294 965 4335 auro
992 4283 1191 4348 atque
1216 4279 1421 4334 ebore.
1528 4292 1627 4333 neo
1660 4278 1890 4345 repertio
1925 4280 2102 4333 unten
2137 4282 2187 4337 9.
2229 4285 2278 4335 1.
