3069 4749
834 169 1335 221 HISTORIARUM
1369 168 1792 221 ALEXANDRI
1828 168 1894 233 V,
1933 172 1981 223 6.
2023 172 2071 223 ⁷.

2513 169 2639 233 197

280 328 477 394 rebus
522 328 869 395 moliendis
918 330 1395 415 efficiendisque
1441 296 1874 412 velocitatem,
1910 328 1982 393 in
2021 325 2270 395 deditos
2311 331 2524 411 fidem,
2570 332 2641 395 in

280 418 579 501 captivos
628 419 1057 503 clementiam,
1100 419 1170 483 in
1214 416 1663 502 voluptatibus
1710 418 2048 503 permissis
2097 440 2351 504 quoque
2400 424 2466 485 et
2509 420 2636 485 usi·

279 507 441 572 tatis
500 507 1000 591 temperantiam
1073 508 1247 574 haud
1317 506 1647 573 tolerabili
1709 506 1846 572 vini
1921 507 2272 591 cupiditate
2335 508 2662 575 foedavit(

279 594 493 661 Hoste
550 599 617 661 et
672 596 923 661 aemulo
979 598 1167 682 regni
1218 600 1562 681 reparante
1616 596 2046 660 cummaxime
2105 596 2380 681 bellum,
2433 619 2641 683 nuper
2677 608 2710 657 2

282 683 597 767 subactis,
654 706 819 769 quos
874 686 1146 770 vicerat,
1189 683 1554 770 novumque
1601 684 1944 769 imperium
1991 686 2515 771 aspernantibus,
2562 688 2640 752 de

284 772 387 838 die
446 772 659 838 inibat
721 774 1047 856 convivia,
1110 774 1343 859 quibus
1404 774 1684 838 feminae
1744 773 2124 859 intererant,
2187 795 2322 839 non
2381 776 2640 860 quidem

284 883 443 945 quas
481 861 715 927 violari
751 862 933 928 nefas
972 866 1161 946 esset,
1198 858 1438 948 quippe
1476 862 1719 946 pelices
1761 862 2078 947 licentius,
2117 885 2313 948 quam
2352 864 2638 950 decebat,

285 971 429 1015 cum
480 954 733 1015 armato
779 951 995 1016 vivere
1042 950 1367 1018 adsuetae.
1438 950 1544 1016 Ex
1579 950 1684 1015 his
1722 973 1855 1016 una
1891 949 2112 1037 Thais,
2149 955 2215 1016 et
2252 952 2395 1036 ipsa
2430 956 2640 1019 temu-
2677 964 2710 1013 3

284 1038 481 1121 lenta,
528 1038 878 1104 maximam
926 1039 1099 1124 apud
1148 1061 1370 1121 omnes
1420 1038 1702 1105 Graecos
1749 1040 2064 1106 initurum
2111 1041 2402 1125 gratiam
2451 1041 2636 1107 adfir-

282 1129 441 1208 mat,
490 1126 546 1191 si
591 1128 837 1211 regiam
883 1127 1227 1193 Persarum
1275 1128 1574 1194 iussisset
1619 1127 1905 1194 incendi:
1953 1134 2294 1212 expectare
2340 1130 2466 1196 hoc
2511 1152 2640 1215 eos,

286 1236 562 1298 quorum
605 1216 799 1281 urbes
849 1217 1111 1283 barbari
1159 1217 1521 1300 delessentj
1575 1216 1778 1282 Ebrio
1827 1221 2041 1283 scorto
2081 1218 2158 1282 de
2196 1221 2386 1283 tanta
2431 1241 2500 1284 re
2543 1224 2640 1284 fe-

284 1306 467 1372 rente
514 1304 905 1370 sententiam
951 1328 1117 1371 unus
1178 1310 1239 1370 et
1290 1306 1480 1388 alter,
1536 1308 1603 1369 et
1656 1304 1782 1389 ipsi
1837 1301 2034 1370 mero'
2074 1308 2356 1392 onerati,
2413 1308 2644 1373 adsen-

283 1392 579 1458 tiuntur:
648 1392 790 1457 Rex
854 1416 1108 1479 quoque
1180 1395 1431 1460 avidior
1502 1393 1652 1458 fuit·
1706 1415 1902 1479 quam
1964 1394 2331 1477 patientior.

2438 1396 2457 1425 ‘
2473 1396 2642 1474 Quin

283 1481 488 1567 igitur
530 1482 903 1547 ulciscimur
948 1482 1287 1549 Graeciam
1346 1486 1412 1547 et
1466 1483 1617 1548 urbi
1669 1481 1846 1547 faces
1895 1472 2318 1549 subdimus?
2400 1484 2640 1551 Omnes

284 1570 689 1635 incaluerant
744 1592 953 1637 mero:
1013 1572 1233 1658 itaque
1294 1575 1573 1657 surgunt
1634 1570 1979 1636 temulenti
2035 1571 2120 1637 ad
2171 1573 2634 1640 incendendam
2673 1584 2706 1634 5

284 1658 536 1737 urbem,
602 1661 705 1724 cui
784 1660 1021 1725 armati
1082 1665 1531 1746 pepercerant.
1637 1660 1899 1726 Primus
1963 1681 2078 1725 rex
2139 1660 2360 1745 ignem
2421 1664 2640 1748 regiae

284 1746 533 1831 iniecit,
599 1752 740 1813 tum
814 1750 1125 1815 convivae
1191 1752 1259 1815 et
1328 1748 1614 1814 ministri
1676 1749 2058 1834 pelicesque.

2163 1749 2373 1815 Multa
2450 1752 2638 1818 cedro

288 1834 630 1901 aedificata
675 1841 815 1903 erat
871 1839 1079 1925 regia,
1138 1860 1301 1923 quae
1359 1838 1654 1902 celeriter
1705 1838 1858 1923 igne
1914 1840 2226 1922 concepto
2282 1840 2416 1905 late
2471 1840 2640 1905 fudit

249 1925 672 1992 incendium.
764 1926 950 2004 Quod
993 1928 1107 1993 ubi
1154 1927 1499 2010 exercitus,
1557 1928 1667 2011 qui
1711 1926 1886 1992 haud
1932 1928 2157 2010 procul
2217 1929 2375 1993 urbe
2419 1928 2639 1994 tende·
2677 1942 2710 1991 6

283 2013 418 2097 bat,
464 2016 829 2101 conspexit,
872 2016 1220 2082 fortuitum
1264 2019 1449 2081 ratus
1506 2015 1590 2080 ad
1652 2037 1842 2099 opem
1895 2014 2230 2080 ferendam
2291 2018 2638 2085 concurrit.

287 2099 411 2167 Sed
455 2107 531 2167 ut
576 2104 657 2167 ad
702 2105 1094 2171 vestibulum
1140 2106 1359 2191 regiae
1405 2108 1674 2170 ventum
1723 2108 1839 2187 est,
1883 2104 2106 2169 vident
2150 2126 2369 2191 regem
2417 2106 2638 2191 ipsum
2677 2120 2707 2169 ’1

287 2190 493 2257 adhuc
560 2196 975 2277 aggerentem
1038 2194 1233 2261 faces.
1324 2192 1584 2259 Omissa
1647 2193 1881 2278 igitur,
1937 2215 2132 2278 quam
2200 2198 2640 2281 portaverant,

288 2301 457 2364 aqua
526 2280 666 2366 igni
742 2286 963 2367 aptam
1026 2283 1364 2349 materiem
1426 2283 1497 2348 in
1566 2282 1936 2347 incendium
2001 2282 2208 2347 iacere
2273 2288 2640 2369 coeperunt.

288 2461 479 2524 antea
521 2459 666 2525 iura
710 2463 1038 2547 petebant,
1084 2464 1301 2548 patria
1345 2465 1448 2529 tot
1491 2484 1738 2549 regum,
1785 2463 2014 2528 unicus
2063 2463 2388 2547 quondam
2436 2461 2638 2529 Grae-

288 2547 423 2612 ciae
467 2552 707 2631 terror,
754 2550 985 2616 molita
1030 2552 1211 2617 mille
1256 2553 1524 2616 navium
1569 2554 1846 2619 classem
1894 2555 1960 2616 et
2005 2551 2353 2637 exercitus,
2400 2554 2638 2639 quibus

286 2635 553 2721 Europa
616 2639 929 2705 inundata
994 2644 1096 2706 est
1150 2642 1572 2707 contabulato
1627 2642 1794 2707 mari
1859 2639 2140 2705 molibus
2199 2641 2639 2728 perfossisque

286 2725 635 2812 montibu8‚
680 2727 746 2792 in
796 2750 1071 2813 quorum
1118 2750 1345 2814 specus
1390 2729 1628 2795 fretum
1673 2730 2016 2795 inmissum
2055 2732 2173 2795 est.
2243 2727 2342 2794 Ac
2378 2752 2460 2796 ne
2497 2735 2636 2797 tam
2672 2749 2705 2799 9

356 2923 408 2974 2.
446 2921 871 2977 cummaxime
906 2939 947 2978 s.
976 2921 1039 2980 E.
1071 2928 1152 2978 60.
1188 2952 1256 2963 —·
1283 2939 1407 2977 nw-

282 3004 427 3056 per,
468 2990 667 3060 junget
709 2994 851 3061 erst,
897 2993 1068 3048 kaum
1120 2993 1285 3050 noch.
1338 3024 1405 3034 —

285 3061 363 3114 de
404 3061 538 3129 die,
588 3061 787 3118 ‘sehon
830 3080 925 3118 am
970 3065 1158 3120 hellen
1206 3065 1404 3135 Tage',

282 3129 391 3186 wie
429 3131 495 3186 de
528 3139 698 3203 nocte,
729 3135 895 3190 ‘noch
922 3137 1019 3190 bei
1042 3136 1273 3204 Nacht',
1312 3134 1409 3189 bei

284 3200 440 3258 Caes.
495 3232 564 3245 -
618 3221 753 3260 mm
803 3208 1063 3276 quidem
1116 3223 1283 3278 quae

282 3271 564 3329 freilich
598 3274 797 3331 nicht
834 3279 1089 3348 solche,
1120 3279 1234 3334 die
1272 3280 1406 3346 etc.;

282 3344 395 3430 ggl.
434 3345 500 3400 Ε.
542 3352 662 3401 162.
719 3377 789 3388 ——
838 3350 1085 3420 quippe
1128 3351 1405 3420 pelicea,

284 3433 384 3496 afs
409 3411 633 3484 ἑταῖραι
660 3411 849 3488 οὖσαι;
881 3437 945 3476 so
972 3420 1212 3475 braucht
1232 3421 1405 3475 schon

280 3484 403 3540 Liv.
450 3489 657 3558 quippe
705 3490 865 3544 nicht
919 3491 1115 3546 selten.
1174 3520 1243 3530 —
1298 3507 1406 3545 ar-

281 3563 455 3613 mato
472 3558 567 3612 fiir
580 3561 877 3629 militibw3
906 3577 971 3618 so
1000 3563 1206 3618 armati
1232 3560 1407 3616 sehon

283 3626 376 3683 bei
415 3626 641 3686 Caesar.

208 3703 215 3708 '
356 3705 409 3756 3.
452 3700 663 3756 Thais
698 3719 800 3757 ans
829 3705 1031 3773 Athen,
1070 3705 1261 3774 spater
1299 3702 1405 3758 Ge·

282 3767 459 3827 liebte
497 3771 598 3826 des
634 3771 853 3842 Konigs
880 3773 1255 3832 Ptolemaeus.
1294 3773 1401 3830 Die

282 3857 462 3910 ganzo
500 3842 841 3899 Geschichte
879 3847 1112 3900 stammt
1154 3849 1405 3901 vermut-

282 3909 401 3966 lieh
437 3930 550 3969 von
589 3913 865 3981 Clitarch3
904 3916 1105 3972 Ari-ian
1130 3915 1269 3972 latet
1294 3917 1406 3971 den

282 3981 473 4054 Konig
510 4001 652 4053 ganz
698 3986 1049 4056 selbst'andig
1094 3987 1205 4042 den
1241 4002 1406 4058 grau-

286 4070 479 4109 samen
515 4055 809 4112 Beschluss
845 4057 1049 4112 fassen.
1076 4089 1155 4106 ·--
1214 4075 1407 4128 expe·

284 4129 469 4181 ctare
503 4127 645 4196 hoc,
678 4128 761 4182 ‘es
790 4130 1121 4184 erwarteten
1147 4127 1267 4184 dies
1295 4145 1409 4184 von

284 4195 407 4250 ihm
443 4197 550 4252 mit
584 4197 969 4265 Zuversicht'3
1006 4199 1121 4268 vgl.
1158 4205 1208 4253 4.
1249 4205 1335 4254 26.

359 4271 409 4320 4.
450 4270 723 4324 avidior
765 4285 957 4339 quam
992 4270 1409 4339 patientior,-

290 4336 456 4394 Sinn:
495 4339 676 4410 zeigte
704 4341 865 4396 mehr
890 4340 1287 4396 Rachsucht
1320 4340 1407 4396 als

1517 2921 2293 2991 Selbstbeherrschung.
2348 2949 2418 2962 -
2475 2924 2640 2990 quin

1515 2994 1599 3062 iq.
1629 2993 1736 3048 wie
1760 2998 1842 3047 10.
1863 2999 1911 3047 6.
1935 2998 2020 3061 233
2052 3009 2095 3049 s.
2117 2993 2264 3047 auch
2283 2992 2335 3046 d.
2352 2991 2640 3051 krit.Anh.

1587 3069 1638 3120 ὅ.
1677 3065 1951 3132 armati,
1997 3064 2082 3118 als
2121 3061 2482 3118 einziehende
2521 3061 2640 3119 Sie-

1514 3151 1632 3206 ger,
1662 3133 1900 3205 Gegens.
1930 3152 1998 3188 zu
2023 3135 2317 3190 temulenti.
2339 3164 2407 3174 —
2426 3135 2641 3192 multa

1514 3207 1710 3262 cedro
1738 3224 1782 3262 s.
1801 3205 1866 3260 Ε.
1888 3210 1946 3274 8;
1983 3221 2148 3274 quae
2175 3206 2315 3274 geht
2341 3205 2444 3262 auf
2464 3207 2638 3263 cedro,

1514 3308 1584 3318 —
1612 3278 1826 3346 fudit,
1863 3275 2322 3346 verbreitete‚
2350 3277 2457 3333 wie
2484 3279 2639 3347 flam-

1512 3366 1606 3404 ma
1641 3349 1772 3417 fusa
1809 3366 1836 3404 e
1870 3349 2051 3418 eapite
2085 3348 2179 3403 bei
2215 3346 2336 3403 Liv.

1587 3425 1636 3474 8.
1669 3421 1910 3490 patria
1953 3435 2206 3489 requam,
2249 3419 2344 3475 die
2392 3419 2640 3476 Stamm-

1514 3491 1675 3560 burg,
1712 3489 2070 3546 Ahnenstadt
2105 3507 2167 3546 ιο
2195 3489 2374 3546 violer
2397 3491 2636 3563 Konige.

1516 3591 1583 3602 —
1622 3563 1882 3629 molita,
1921 3561 2012 3618 die
2038 3560 2200 3645 ‘einst
2226 3560 2288 3616 in
2315 3561 2640 3646 Bewegung

1512 3633 2166 3773 {titsslnffitntffiss'ssffefi‘
2198 3639 2328 3774 ἓξὲξ
2358 3633 2640 3759 {emitti

1511 3774 1668 3844 leger
1705 3791 1748 3828 z.
1785 3772 1930 3843 Nep.
1969 3781 2019 3829 2.
2058 3779 2109 3830 2.
2149 3804 2217 3814 -
2262 3775 2636 3842 inundata,

1512 3863 1556 3900 s.
1607 3849 1658 3900 4.
1701 3848 1782 3901 12‘.
1821 3850 1906 3899 20.
1963 3874 2032 3884 -
2086 3846 2397 3912 molstum,
2461 3844 2637 3899 durch

1512 3917 1679 3972 einen
1706 3915 2112 3972 Riesenbau.
2153 3915 2414 3971 Gemeint
2439 3915 2518 3970 ist
2545 3915 2636 3970 die

1511 3987 1734 4042 Bn'icke
1789 3988 1929 4042 iiber
1985 3985 2095 4040 den
2159 3985 2507 4055 Hellespont.
2565 4015 2636 4025 —

1511 4059 1874 4128 montibus,
1926 4057 2038 4112 den
2081 4055 2277 4111 Athos.
2349 4055 2456 4111 Die
2505 4057 2635 4110 Plu-

1513 4129 1634 4184 rale
1669 4131 1856 4197 moles,
1892 4133 2098 4183 montes
2143 4126 2483 4182 bezeichnen
2531 4126 2637 4180 all-

1557 4200 1740 4255 emein
1769 4199 1860 4255 die
1889 4198 2147 4253 Gattun
2157 4211 2220 4268 g,
2251 4196 2513 4252 wodurch
2542 4195 2638 4250 die

1514 4217 1694 4396 {tegle
1711 4271 1873 4395 eirsslen
1887 4267 2358 4340 hyperbolischen
2372 4264 2638 4332 Anstrich

1558 4357 1589 4396 e
1632 4357 1780 4398 omm
1813 4383 1825 4396 .

2673 1141 2812 1395 7⁹

178 2368 267 2436 23
286 2367 479 2435 Hunc
537 2370 782 2436 exitum
834 2371 1062 2438 habuit
1126 2372 1307 2460 regia
1364 2372 1572 2440 totius
1634 2371 1920 2439 Orientis
1935 2421 1953 2457 ,
2017 2372 2182 2438 unde
2243 2377 2347 2439 tot
2409 2379 2637 2459 gentes
2677 2390 2709 2440 8
