3069 4749
401 178 486 243 80
1341 181 1406 245 Q.
1443 180 1664 233 cmm
1697 182 1872 233 RUFI

398 340 600 405 hebat
643 343 711 404 et
755 340 822 405 in
871 340 999 405 alio
1049 344 1190 405 erat
1237 340 1485 405 coniux.
1546 339 1769 406 Turba
1814 342 2199 406 feminarum
2244 342 2503 427 reginas
2551 345 2746 408 comi-

292 452 362 501 23
399 430 678 493 tantium
724 429 906 513 equis
951 430 1351 496 vectabatur.
1411 428 1791 505 Quindecim
1839 430 2084 511 deinde,
2130 452 2292 516 quas
2339 452 2747 497 armamaxas

319 542 326 547 ·
399 518 848 601 appellabant,
904 519 1358 601 sequebantur.
1447 517 1529 582 In
1582 518 1687 583 his
1742 523 1931 583 erant
1981 519 2173 583 liberi
2226 524 2397 605 regis
2459 522 2526 585 et
2584 542 2748 605 quae

401 606 764 672 educabant
799 628 908 671 eos
947 607 1432 690 spadonumque
1471 627 1646 692 grex,
1682 606 1857 671 haud
1896 628 2050 671 sane
2087 608 2221 672 illis
2252 608 2554 693 gentibus
2583 610 2749 675 vilis.

293 718 364 768 24
401 694 571 759 Tum
615 695 834 779 regiae
882 696 1120 780 pelices
1167 698 1496 760 trecentae
1544 700 1609 761 et
1644 695 1985 781 sexaginta
2028 698 2297 779 quinqtoe
2333 696 2750 782 vehebantur,

401 787 469 849 et
505 785 688 869 ipsae
724 784 932 869 regali
971 784 1149 848 cultu
1187 789 1563 869 ornatuque.
1618 784 1781 849 Post
1816 806 1975 868 quas
2011 785 2351 869 pecuniam
2396 786 2570 870 regis
2610 808 2748 850 sex-

399 873 571 938 centi
616 872 777 937 muli
822 876 889 937 et
935 873 1212 938 trecenti
1257 873 1486 937 cameli
1522 873 1852 939 vehebant
1894 874 2219 957 praesidio
2259 874 2747 959 sagittariorum

292 984 360 1032 25
398 965 842 1045 prosequente.
899 960 1416 1045 Propinquorum
1449 962 1928 1045 amicorumque
1966 962 2268 1044 coniuges
2305 962 2458 1028 huic
2497 964 2746 1048 agmini

397 1049 730 1134 proximae
777 1051 1181 1136 lixarumque
1237 1053 1302 1114 et
1359 1051 1659 1115 calonum
1718 1069 1951 1135 greges
2008 1051 2424 1115 vehebantur.
2512 1050 2748 1116 Ultimi

397 1141 583 1202 erant
628 1160 774 1203 cum
821 1140 956 1203 suis
1005 1140 1276 1224 quisque
1323 1138 1623 1222 ducibus,
1681 1138 1793 1224 qui
1839 1142 2152 1223 cogerent
2198 1159 2467 1225 agmen,
2520 1140 2750 1205 leviter

291 1250 360 1299 26
397 1228 649 1293 armati.
740 1224 983 1292 Contra
1043 1228 1100 1292 si
1155 1228 1299 1311 quis
1366 1228 1571 1294 aciem
1617 1226 2044 1293 Macedonum
2092 1228 2477 1312 intueretur,
2531 1228 2751 1313 dispar

396 1315 598 1381 facies
645 1320 785 1380 erat
831 1317 1013 1401 equis
1059 1316 1344 1402 virisque
1388 1338 1521 1381 non
1580 1339 1765 1400 auro,
1826 1339 1960 1381 non
2017 1317 2321 1382 discolori
2375 1321 2580 1401 veste,
2637 1318 2749 1381 sed

290 1428 358 1477 27
397 1404 568 1469 ferro
618 1409 811 1489 atque
851 1426 997 1470 aere
1031 1404 1463 1491 fulgentibus:
1510 1426 1745 1489 agmen
1781 1409 1849 1469 et
1892 1410 2063 1470 stare
2097 1410 2399 1489 paratum
2438 1410 2504 1469 et
2549 1406 2746 1489 sequi,

396 1514 513 1558 nec
549 1493 744 1558 turba
778 1516 897 1559 nec
936 1494 1206 1559 sarcinis
1235 1514 1611 1579 praegrave,
1648 1494 1971 1559 intentum
2005 1493 2085 1559 ad
2115 1493 2294 1558 ducis
2323 1516 2453 1558 non
2486 1494 2746 1579 signum

396 1582 616 1665 mod0,
678 1582 790 1647 sed
845 1582 1045 1647 etiam
1089 1586 1341 1647 nutum.
1429 1582 1519 1647 Et
1575 1583 1807 1647 castris
1863 1582 2044 1647 locus
2102 1586 2167 1647 et
2222 1582 2528 1647 exercitui
2574 1604 2745 1647 com-

290 1692 358 1741 28
397 1673 650 1735 meatus
698 1672 1148 1756 suppetebant.
1240 1669 1421 1757 Ergo
1468 1670 1843 1736 Alexandro
1899 1671 1969 1735 in
2023 1670 2163 1735 acie
2218 1671 2407 1735 miles
2462 1692 2597 1736 non
2642 1671 2747 1736 de-

394 1758 548 1823 fuit:
596 1758 876 1843 DareuS,
930 1764 1154 1825 tantae
1201 1760 1637 1825 multitudinis
1692 1782 1832 1843 rex,
1891 1760 2048 1843 loci,
2102 1760 2170 1823 in
2229 1782 2356 1844 quo
2412 1760 2746 1845 pugnavit,

395 1848 718 1934 angustiis
747 1847 1044 1914 redactus
1066 1853 1167 1914 est
1195 1848 1276 1913 ad
1295 1849 1713 1933 paucitatem,
1743 1870 1937 1935 quam
1955 1848 2025 1912 in
2043 1848 2234 1913 hoste
2254 1851 2745 1932 contempserat.

1418 2006 1575 2073 off.
1621 2006 1734 2072 IV.

326 2135 354 2183 1
570 2112 832 2179 Interea
866 2114 1242 2179 Alexander
1276 2113 1704 2179 Abistamene
1744 2112 2189 2199 Cappadociae
2226 2112 2599 2196 praeposito
2639 2111 2744 2179 Ci-
2778 2116 2818 2181 9

395 2202 614 2267 liciam
662 2207 889 2286 petens
945 2224 1092 2268 cum
1150 2203 1452 2267 omnibus
1510 2202 1715 2286 copiis
1770 2204 1841 2267 in
1894 2202 2254 2284 regionem,
2311 2223 2477 2285 quae
2531 2206 2747 2267 castra

397 2288 559 2374 Cyri
603 2292 985 2378 appellatur,
1030 2295 1436 2378 pervenerat.
1497 2290 1755 2357 Stativa
1798 2290 1933 2356 illic
1976 2290 2294 2355 habuerat
2331 2288 2561 2376 CyruS,
2600 2313 2747 2356 cum

1627 2430 1861 2498 Fflhrer)
1909 2448 1951 2484 s.
1998 2431 2063 2484 E.
2106 2435 2189 2485 83.
2241 2461 2307 2471 —
2357 2431 2593 2485 leviter
2637 2446 2745 2484 ar·

1624 2502 1820 2568 mati,
1857 2501 2173 2556 nachklass.
2251 2501 2305 2554 S.
2342 2500 2407 2554 E.
2446 2505 2533 2556 62.

1696 2576 1784 2628 26.
1823 2577 2072 2627 contra.
2106 2577 2365 2638 §26-27
2397 2573 2574 2625 matte
2591 2571 2744 2627 Wie-

1627 2642 1943 2712 derholung
1980 2658 2090 2697 von
2117 2647 2167 2698 2.
2202 2649 2291 2711 133
2332 2642 2429 2697 der
2456 2646 2574 2708 §28
2612 2643 2748 2697 aber

1627 2713 1800 2783 greift
1817 2712 2253 2768 storendvor.—
2273 2715 2424 2783 equi
2448 2714 2743 2782 virique,

1626 2784 1753 2839 eine
1788 2783 2143 2840 Livianische
2180 2785 2419 2840 Formel.

395 2461 465 2472 —
503 2435 678 2500 erat,
724 2433 933 2486 matter
968 2432 1266 2486 Ausdruck
1301 2431 1394 2486 ffir
1437 2447 1517 2487 se-

395 2503 569 2557 debat.
647 2501 720 2557 So
769 2505 854 2557 oft
898 2503 1044 2557 auch
1087 2505 1282 2558 habere
1324 2504 1420 2558 bei
1457 2503 1515 2558 G.

396 2573 486 2626 far
523 2572 614 2627 ein
651 2573 900 2628 Verbum
935 2573 1350 2628 bestimmterer
1385 2575 1517 2629 Far·

394 2645 566 2714 bung.
614 2674 686 2684 —
739 2646 1019 2713 coniux,
1078 2644 1368 2713 Statira,
1425 2663 1516 2698 zu-

398 2715 586 2783 gleich
626 2715 941 2771 Schwester
978 2716 1074 2770 des
1113 2715 1332 2783 Darius,
1371 2716 1519 2770 nach

396 2785 598 2840 Arrian
645 2785 745 2840 das
796 2787 1058 2842 schonste
1103 2787 1271 2842 Weib
1317 2786 1516 2841 Asiens

395 2854 459 2909 in
487 2857 649 2927 jener
687 2856 836 2924 Zeit3
874 2859 1097 2927 reyinae
1132 2858 1272 2925 hier,
1302 2856 1408 2912 wie
1439 2856 1521 2912 of·

397 2928 533 2995 tei-s,
572 2953 642 2973 ==
677 2926 1004 2997 konigliche
1043 2927 1275 2982 Frauen.

467 3004 554 3052 23.
597 3015 1052 3065 armamaaeas,
1083 2991 1182 3052 ἅπ.
1215 2997 1338 3068 etp„
1364 2999 1520 3054 Rei-

397 3083 730 3138 sewagen.
770 3100 839 3110 -
887 3071 1120 3138 liberi,
1167 3068 1266 3123 der
1303 3071 1522 3124 damals

397 3139 781 3210 sechsjahrige
820 3139 1051 3194 Ochus
1092 3157 1147 3196 u.
1185 3140 1323 3196 zwei
1357 3141 1520 3196 halb-

395 3212 752 3266 erwaehsene
779 3211 1023 3267 Tochter
1063 3210 1326 3265 Statii-a
1363 3212 1522 3281 (oder

394 3281 538 3334 nach
570 3281 772 3336 Arrian
799 3280 1138 3350 Barsine),
1176 3280 1269 3336 die
1298 3285 1520 3352 spatere

394 3353 592 3406 zweite
629 3352 928 3407 Gemahlin
966 3353 1339 3422 Alexanders,
1404 3353 1520 3408 und

395 3423 745 3492 Drypetis.
818 3423 919 3478 Bei
975 3423 1150 3478 ihnen
1193 3423 1380 3480 sassen
1428 3425 1518 3480 die

397 3492 857 3562 Erzieherinnen,
896 3496 1045 3550 denn
1084 3497 1199 3550 erst
1245 3495 1354 3550 mit
1389 3495 1517 3550 dem

399 3568 507 3628 14„
537 3565 709 3618 Jahre
766 3567 919 3620 ward
982 3566 1082 3620 der
1134 3567 1333 3623 Knabe
1389 3568 1514 3622 dem

395 3631 762 3704 παιδαγωγὸς
799 3633 1084 3708 βασιλικός
1120 3638 1460 3708 sibergeben.

467 3711 554 3760 24.
584 3708 865 3776 pelices,
907 3706 1024 3762 ‘die
1051 3708 1264 3778 konigl.
1294 3709 1516 3764 Neben-

393 3776 635 3832 franen’.

465 3853 552 3903 25.
592 3849 1040 3917 lixarumque.
1076 3865 1177 3918 que
1207 3849 1283 3903 ‘u.
1311 3850 1517 3905 ausser-

397 3920 524 3974 dem
563 3918 753 3974 noch'.
819 3919 933 3973 Der
970 3919 1378 3974 Schriftsteller
1415 3919 1519 3975 eilt

397 4007 522 4043 zum
562 3989 812 4057 Schluss‚
869 3988 1047 4044 daher
1103 3989 1195 4045 die
1252 3990 1514 4046 seltsame

396 4060 981 4129 Zusammenstellung
995 4076 1104 4115 von
1113 4060 1515 4116 Verschieden·

397 4131 656 4202 artigem.
704 4161 774 4172 —-
823 4148 967 4186 cum
1019 4133 1164 4186 suis
1215 4134 1511 4204 quisque.

396 4186 550 4255 Uber
596 4202 706 4257 den
759 4201 1203 4258 befremdlichen
1252 4202 1515 4274 Singular

472 4273 624 4340 isque
678 4275 770 4326 fi‘ir
822 4275 1022 4344 quique
1076 4277 1158 4343 (es
1213 4274 1322 4329 soll
1367 4275 1512 4330 doch

1700 2861 1789 2910 27.
1819 2872 2049 2926 aymen
2076 2858 2181 2910 etc.
2210 2855 2626 2925 Freiangeffigt
2639 2855 2745 2911 wie

1634 2925 1745 2981 Cic.
1810 2926 1966 2981 Brut.
2036 2932 2139 2980 114
2198 2928 2375 2982 multa
2430 2927 2743 2995 praeclara,

1630 2999 1822 3053 doctus
1856 2999 1945 3054 vir
1981 3000 2113 3059 etc.;
2158 2997 2353 3052 ebend.
2395 3003 2497 3052 173
2532 3013 2747 3052 summa

1630 3069 1854 3125 libertas
1888 3070 1953 3123 in
1980 3070 2245 3137 oratione,
2273 3069 2413 3125 satis
2440 3069 2637 3138 creber,
2662 3083 2746 3123 so-

1631 3141 1779 3195 lutus
1824 3141 1890 3195 in
1933 3141 2229 3196 sententiis.
2306 3140 2359 3194 S.
2406 3138 2467 3195 E.
2511 3143 2627 3194 165.
2676 3168 2746 3180 —

1628 3216 1835 3280 stare,
1875 3211 1988 3280 vgl.
2025 3213 2220 3267 stabile
2254 3227 2446 3280 aymen
2482 3215 2531 3264 2.
2575 3215 2745 3264 13.—

1630 3282 1839 3348 locu8‚
1888 3282 1941 3335 d.
1980 3283 2019 3339 i.
2057 3284 2157 3337 der
2187 3281 2466 3353 Jedesmal
2502 3280 2746 3336 vorhan-

1630 3353 1773 3407 dene
1809 3355 2006 3408 Ratun.

1701 3428 1788 3478 28.
1852 3425 1927 3478 in
1979 3424 2148 3489 acie,
2202 3423 2262 3477 in
2317 3423 2416 3477 der
2475 3421 2747 3477 Schlacht

1628 3495 1951 3563 uberhaupt
1998 3495 2131 3550 oder
2175 3493 2232 3548 in
2283 3493 2382 3547 der
2417 3494 2749 3550 demnachst

1628 3563 1967 3635 folgenden?
2023 3563 2138 3620 Das
2174 3562 2608 3620 Nachstehende
2647 3569 2747 3620 nb-

1626 3635 1741 3706 tigt
1773 3635 1889 3690 fast
1915 3653 1984 3688 zu
2018 3633 2117 3688 der
2153 3635 2386 3690 aweiten
2413 3636 2747 3706 Auslegung

1628 3708 1701 3761 da
1747 3722 1807 3761 es
1854 3721 2272 3776 ungezwungen
2320 3725 2425 3760 nur
2470 3705 2570 3761 auf
2620 3707 2747 3762 eine

1626 3777 1949 3832 bestimmte
1982 3776 2267 3846 Schlacht,
2305 3777 2406 3830 auf
2428 3777 2521 3832 die
2549 3776 2639 3831 bei
2668 3777 2745 3830 Is-

1628 3865 1741 3916 sus,
1777 3847 2030 3918 bezogen
2068 3848 2295 3902 worden
2330 3847 2499 3903 kann.
2540 3877 2606 3888 -
2644 3862 2745 3902 re·

1625 3920 1872 3974 dactus
1908 3926 2005 3975 est
2024 3925 2099 3964 =='
2114 3920 2215 3973 sah
2236 3919 2354 3973 sich
2375 3916 2744 3988 angewiesen‚

1626 3991 1725 4044 bes
1732 3989 1971 4044 chrankt
2006 3989 2108 4045 auf
2140 3990 2245 4046 etc.

2052 4113 2186 4168 ΚΑΡ.
2221 4113 2314 4168 IV.

1697 4207 1745 4256 1.
1776 4201 2221 4257 Abietamene.
2259 4201 2421 4256 Nach
2443 4203 2566 4256 Arr.
2588 4202 2745 4256 ward

1624 4271 1877 4327 Sabictas
1892 4273 2245 4328 Statthalter.
2260 4303 2327 4312 —
2341 4273 2557 4342 Cyrus
2567 4314 2581 4339 ,
2597 4272 2747 4326 nach

396 4287 640 4396 fixissent
690 4343 822 4412 jede
870 4343 1136 4414 Truppe
1181 4343 1290 4400 mit
1330 4345 1512 4401 ihrem
1621 4343 1743 4397 Arr.
1781 4361 1835 4398 u.
1881 4342 2019 4399 Xen.
2068 4345 2264 4412 (Anab.
2318 4349 2363 4396 1.
2416 4349 2464 4397 2.
2506 4346 2597 4413 20)
2644 4335 2745 4398 der
