3069 4749
422 139 465 200 4
1317 136 1379 204 Q.
1421 135 1644 192 cuam
1679 137 1870 192 RUFI.

420 301 729 388 augebat,
794 300 974 366 velut
1028 300 1106 365 de
1162 298 1481 364 industria
1532 300 1705 365 inter
1757 299 2152 366 fortissimos
2207 299 2381 367 viros
2439 304 2766 367 certamen

315 401 383 450 10
421 393 737 475 aequante
790 389 1071 454 fortuna.
1174 386 1475 454 Ceterum
1530 390 1872 474 angustiae
1936 389 2089 474 loci,
2154 389 2226 454 in
2279 411 2406 474 quo
2467 389 2768 456 haeserat

418 499 657 564 pugna,
700 499 835 543 non
883 479 1300 562 patiebantur
1344 480 1505 544 totis
1553 477 1808 564 ingredi
1852 477 2125 544 viribus·
2183 479 2564 562 spectabant
2611 500 2765 565 ergo

318 658 379 706 ιι
418 567 1237 723 ἕῗὲἔξέἱὲἳέἓὲοὲἓξθέἶῖξ
1264 568 1748 722 Ρέἓέἐίᾝὺιίἳ.
1763 567 2532 722 Ψῖιὲἶῗιῗωωῗξέἓὲἓέ
2561 574 2772 723 effi}
2786 657 2828 722 2

419 747 860 832 languescere,
905 745 1157 810 lubrica
1204 767 1385 810 arma
1429 745 1662 811 sudore
1706 746 1817 810 vix
1865 745 2216 829 sustinone,
2263 746 2493 830 pedem
2539 746 2768 812 deinde

316 837 381 885 12
420 835 660 900 referre
708 835 921 920 coepit
968 837 1032 898 et
1076 838 1347 918 urgente
1391 834 1582 900 hoste
1629 834 1914 919 apertius
1967 834 2209 920 fugere.
2253 837 2262 856 '
2301 835 2771 920 Insequebatur

425 923 775 1008 dissipatos
821 923 1029 989 victor
1077 926 1143 987 et
1190 945 1491 989 emensus
1541 944 1733 989 cursu
1780 943 1972 989 omne
2019 924 2334 1009 spatium,
2379 924 2552 1009 quod
2597 924 2768 990 acies

319 1015 386 1063 13
402 1044 409 1048 ·
424 1013 752 1078 Laconum
790 1013 1182 1097 obtinuerat,
1216 1013 1434 1098 ipsum
1461 1012 1642 1098 Agin
1678 1012 2200 1097 persequebatur.
2274 1013 2396 1077 Ille
2433 1016 2506 1077 ut
2541 1014 2768 1099 fugam

425 1122 688 1167 suorum
742 1105 809 1166 et
862 1100 1193 1186 proximos
1238 1101 1527 1167 hostium
1573 1102 1938 1186 conspexit,
1984 1099 2222 1187 deponi
2268 1124 2337 1166 se
2383 1102 2602 1168 iussit:
2665 1122 2768 1166 ex-

323 1192 389 1241 14
423 1194 775 1276 portusque
812 1191 1121 1273 membra,
1160 1212 1247 1256 an
1280 1190 1599 1275 impetum
1637 1191 1838 1256 animi
1875 1189 2058 1275 sequi
2093 1193 2376 1276 possent,
2419 1196 2770 1276 postquam

427 1279 695 1344 deficere
724 1279 951 1364 sensit,
976 1279 1337 1364 poplitibus
1368 1283 1575 1345 semet
1603 1280 1854 1364 excepit
1881 1280 2198 1364 galeaque
2225 1284 2485 1346 strenue
2509 1282 2772 1364 sumpta

424 1369 635 1451 clipeo
682 1371 1030 1471 protegens
1079 1389 1311 1452 corpus
1356 1365 1619 1434 hastam
1657 1369 1921 1433 dextera
1957 1369 2278 1451 vibrabat,
2319 1369 2492 1434 ultro
2530 1389 2770 1433 vocans

324 1459 389 1511 15
426 1457 703 1542 hostem,
750 1457 808 1522 si
854 1457 998 1543 quis
1044 1457 1285 1522 iacenti
1330 1456 1540 1542 spolia
1585 1458 1840 1522 demere
1879 1456 2165 1523 auderet.
2252 1457 2317 1523 N
2319 1479 2391 1522 ec
2429 1457 2772 1542 quisquam

422 1545 579 1630 fuit,
637 1545 751 1631 qui
796 1545 1151 1611 sustineret
1196 1545 1555 1612 comminus
1602 1547 1933 1632 congredi:
1988 1547 2214 1631 procul
2261 1546 2612 1612 missilibus
2663 1545 2770 1610 ad·

424 1635 799 1720 petebatur,
852 1656 931 1699 ea
974 1635 1121 1718 ipsa
1164 1635 1235 1699 in
1278 1635 1534 1700 hostem
1595 1638 2000 1720 retorquens,
2063 1636 2267 1701 donec
2320 1634 2548 1701 lancea
2601 1634 2772 1699 nudo

425 1725 673 1808 pectori
727 1723 927 1788 infixa
983 1726 1111 1789 est:
1170 1746 1299 1809 qua
1353 1746 1432 1788 ex
1485 1724 1750 1790 vulnere
1806 1725 2026 1790 evolsa
2071 1725 2456 1798 inclinatum
2503 1745 2578 1788 ac
2627 1723 2776 1788 defi·-

427 1813 602 1878 ciens
666 1817 863 1897 caput
926 1812 1135 1897 clipeo
1198 1813 1532 1897 paulisper
1595 1813 1870 1898 excepit,
1934 1814 2084 1879 dein
2145 1814 2477 1898 linquente
2544 1812 2776 1896 spiritu

326 1905 391 1954 16
428 1902 674 1987 pariter
720 1923 795 1967 ac
842 1901 1160 1988 sanguine
1207 1902 1630 1968 moribundus
1675 1903 1746 1966 in
1793 1924 1973 1966 arma
2016 1903 2381 1988 procubuit.
2473 1900 2774 1968 Cecidere

428 1990 1090 2058 Lacedaemoniorum
1127 2013 1168 2056 v
1204 1991 1385 2056 milia
1421 1995 1487 2057 et
1524 2013 1650 2075 ccc,
1689 2013 1766 2056 ex
1793 1990 2254 2058 Macedonibus
2291 1990 2467 2056 haud
2497 1990 2776 2075 amplius

431 2080 637 2145 mille:
684 2083 967 2146 ceterum
1014 2081 1121 2145 vix
1168 2081 1511 2165 quisquam
1556 2081 1687 2145 nisi
1733 2081 1988 2146 saucius
2032 2080 2302 2147 revertit
2346 2082 2414 2145 in
2459 2083 2689 2145 castra.

609 2168 787 2234 Haec
822 2169 1097 2234 victoria
1132 2191 1264 2233 non
1291 2165 1597 2253 Spartam
1634 2169 1827 2234 modo
1864 2169 2200 2254 sociosque
2237 2170 2394 2250 eine,
2431 2169 2543 2234 sed
2579 2168 2778 2233 etiam
2798 2173 2840 2238 3

331 2261 395 2310 1⁷
435 2258 679 2343 omnis,
737 2259 845 2342 qui
898 2257 1229 2323 fortunam
1284 2257 1443 2324 belli
1488 2261 1967 2344 spectaverant,
2020 2258 2233 2344 fregit.
2325 2256 2462 2324 Nec
2507 2256 2777 2323 fallebat

432 2346 858 2432 Antipatrum
887 2346 1229 2413 dissentire
1260 2347 1343 2411 ab
1372 2347 1605 2413 animis
1635 2348 2106 2433 gratulantium
2135 2349 2370 2433 vultus,
2399 2347 2512 2413 sed
2539 2347 2779 2413 bellum

434 2437 619 2501 finire
666 2436 956 2519 cupienti
1002 2458 1164 2521 opus
1211 2440 1350 2501 erat
1396 2436 1620 2521 decipi.
1711 2436 1801 2502 Et
1837 2458 2231 2522 quamquam
2263 2437 2530 2502 fortuna
2565 2458 2780 2501 rerum

434 2525 757 2609 placebat,
801 2524 1111 2590 invidiam
1146 2527 1382 2610 tamen,
1427 2526 1580 2610 quia
1614 2526 1896 2592 maiores
1934 2531 2134 2612 erant,
2171 2548 2364 2611 quam
2402 2546 2561 2610 quas
2596 2546 2780 2610 prae-

512 2724 595 2773 10.
650 2718 947 2787 inaredi,
994 2718 1218 2773 absolut
1260 2736 1328 2773 zu
1370 2718 1560 2774 fassen

438 2787 544 2843 wie
571 2790 813 2843 incedere
833 2794 882 2842 3.
906 2795 958 2844 9.
983 2795 1064 2843 12.
1105 2789 1352 2860 [Andere
1380 2790 1558 2846 lesen.

439 2860 826 2931 conyredij]
854 2862 1280 2930 spectabant,
1308 2877 1381 2916 sc.
1400 2876 1558 2931 proe-

440 2932 591 2987 lium.
690 2931 796 2985 Die
860 2947 1048 3001 grosse
1104 2930 1244 2985 Zahl
1303 2931 1401 2987 der
1456 2932 1560 2986 Zu-

441 3001 691 3071 schauer‚
732 3001 821 3057 die
859 3002 965 3058 mit
998 3018 1161 3073 reger
1188 3003 1559 3058 Theilnahme

442 3074 550 3128 den
563 3045 803 3128 Verlauf
817 3072 915 3127 der
934 3072 1205 3129 Schlacht
1227 3074 1441 3143 verfolg
1443 3075 1558 3143 ten,

440 3143 575 3199 liess
612 3143 764 3199 diese
792 3143 1048 3214 zugleich
1076 3144 1160 3199 als
1187 3143 1352 3200 einen
1376 3162 1560 3215 gross-

440 3213 660 3284 artigen
694 3214 1054 3285 Wettkampf
1084 3209 1281 3285 (ἀγών)
1320 3216 1561 3271 erschei-

440 3302 566 3341 nen.
644 3285 772 3355 Vgl.
809 3291 1185 3354 spectaverant
1219 3291 1249 3351 ξ
1290 3292 1370 3341 16.

516 3361 598 3411 12.
636 3372 932 3413 emensus
966 3356 1057 3411 fur
1087 3374 1403 3426 permensus
1436 3375 1478 3412 s.
1507 3363 1558 3414 4.

513 3504 597 3553 13.
634 3499 989 3567 impetum.
1022 3500 1277 3569 .sequi,
1306 3498 1563 3569 poetisch

374 3635 385 3645 ·
439 3568 531 3624 ffir
565 3570 831 3624 sustinere
856 3570 1131 3640 impetum,
1169 3571 1269 3624 das
1299 3570 1356 3625 C.
1384 3570 1488 3626 hat
1514 3576 1565 3625 4.

444 3645 633 3695 15.12.
675 3640 753 3694 Ζιι
770 3614 1131 3717 vergleichen
1145 3640 1224 3697 ist
1236 3642 1404 3698 Ver.
1425 3642 1563 3699 Aen.

443 3718 528 3766 12.
557 3717 659 3766 912
700 3727 813 3767 non
838 3728 1059 3781 corpore
1089 3718 1250 3769 notae
1274 3729 1342 3769 su
1366 3715 1566 3782 ficiunt

438 3785 583 3839 vires
608 3798 707 3838 nee
731 3799 838 3838 vox
855 3788 955 3838 aut
982 3785 1145 3840 verba
1170 3790 1559 3854 sequuntur.

514 3859 597 3909 14.
654 3870 718 3909 se
762 3856 1023 3924 eaeeepit
1066 3854 1173 3910 wie
1221 3862 1270 3911 9.
1311 3861 1361 3911 5.
1400 3861 1432 3911 8
1470 3872 1561 3911 ex-

439 3930 650 4009 ceptam
677 3926 830 3996 popl.
878 3942 1102 4010 eorpus5
1147 3926 1265 3981 Liv.
1304 3932 1354 3981 4.
1402 3932 1485 3982 19.
1524 3933 1559 3982 4

437 4012 494 4051 se
530 3997 595 4051 in
820 3999 1041 4067 excepit.
1109 3997 1237 4068 Vgl.
1276 3998 1419 4053 auch
1453 4016 1556 4053 un-

438 4070 537 4123 ten
572 4072 603 4133 5
637 4072 699 4122 15
737 4070 907 4139 clipeo
944 4070 1168 4139 excepit.
1206 4100 1274 4108 -—
1310 4084 1558 4124 vocans

439 4138 529 4192 fur
578 4154 882 4208 provocans
937 4140 1037 4195 wie
1083 4145 1114 4205 ξ
1163 4145 1228 4195 15
1283 4140 1558 4210 linquente

438 4208 531 4261 fiir
563 4210 895 4280 relinquente
931 4229 973 4266 s.
1012 4209 1155 4265 Einl.
1194 4216 1225 4277 ἓ
1268 4216 1349 4267 18.

516 4284 599 4335 16.
655 4295 731 4335 ex
770 4282 1271 4339 Macedonibus.
1345 4281 1557 4349 Diodor

1667 2718 1919 2774 beziffert
1971 2719 2079 2774 den
2129 2717 2594 2774 macedonisehen
2643 2717 2782 2774 Ver-

1665 2790 1782 2845 lust
1817 2790 1918 2845 auf
1949 2796 2089 2846 3500
2124 2788 2227 2857 Μ.;
2257 2790 2366 2845 den
2401 2791 2501 2845 der
2537 2788 2780 2844 Laceda-

1665 2861 1882 2917 monier
1918 2862 2024 2917 wie
2063 2859 2121 2916 C.
2161 2860 2263 2915 auf
2284 2866 2440 2917 5300.
2479 2892 2545 2900 -
2582 2861 2783 2915 etiam

1666 2949 1884 2988 omnes
1928 2933 2047 3014 qui
2089 2934 2195 2989 etc.
2270 2932 2530 2987 Gemeint
2570 2930 2647 2985 ist
2682 2931 2782 2985 das

1665 3002 1790 3058 fibri
1792 3002 2304 3073 geGriechenland,
2325 3004 2422 3058 das
2444 3003 2565 3058 sich
2590 3001 2784 3057 nicht

1667 3091 1759 3129 am
1805 3074 1985 3144 Kamp
1989 3074 2044 3129 fe
2090 3076 2196 3129 mit
2240 3075 2349 3130 den
2391 3072 2784 3155 Macedpniern

1667 3093 1985 3217 1ιεῦ116111ςὲ
1994 3146 2170 3202 hatte.
2199 3176 2268 3187 —
2293 3146 2506 3215 freyit
2535 3144 2639 3199 wie
2669 3142 2780 3199 Cic.

1771 3216 1929 3271 Sulla
1975 3221 2041 3271 18
2096 3218 2346 3286 flectebar
2394 3216 2580 3271 animo
2625 3220 2784 3285 atque

1665 3287 1996 3359 franyebar;
2030 3287 2173 3359 Nep.
2212 3293 2262 3342 2.
2294 3294 2340 3342 1.
2372 3294 2422 3344 3
2460 3286 2785 3343 contumelia

1668 3374 1789 3414 eum
1813 3375 1928 3415 non
1952 3360 2134 3430 freyn,
2160 3362 2254 3415 sed
2280 3360 2466 3416 erexit.
2521 3357 2786 3440 Haufiger

1667 3427 1745 3484 ist
1786 3429 1881 3486 bei
1925 3432 2035 3486 den
2079 3430 2399 3487 Classikern
2443 3448 2528 3487 res
2568 3429 2785 3498 franyit

1670 3502 1943 3569 animum,
1977 3504 2120 3557 vires
2154 3504 2409 3558 alienius.

1749 3579 1832 3627 17.
1879 3574 2245 3629 dissentire
2271 3600 2339 3620 ==
2368 3576 2652 3631 abhorrere
2678 3574 2785 3629 mit

1671 3642 2012 3699 sachlichem
2025 3644 2158 3715 Subj
2163 3645 2262 3701 ekt
2269 3644 2347 3702 ist
2354 3645 2782 3703 nachclassisch.

1671 3713 1794 3769 Den
1820 3664 2158 3797 Uebergang
2190 3716 2382 3772 bilden
2409 3716 2784 3773 Constructio-

1668 3800 1808 3911 2222.
1815 3786 1945 3912 *2³31
1972 3788 2543 3916 difffflcssoessffl
2579 3789 2784 3929 affl.

1668 3934 1838 3997 erat,
1893 3928 1946 3985 d.
1993 3930 2049 3984 h.
2096 3929 2385 4002 verlangte
2431 3931 2522 3987 die
2570 3932 2783 3989 staats-

1665 3998 1938 4070 klugheit.
1979 4032 2045 4041 -
2091 4004 2378 4058 maiores
2424 4007 2660 4074 erganze
2696 4018 2784 4057 res

1667 4086 1767 4125 aus
1803 4087 1985 4127 rerum
2029 4072 2145 4127 und
2188 4072 2502 4130 ubersetze.
2557 4074 2782 4129 ‘Unter·

1663 4142 2062 4213 nehmungen’.
2147 4143 2260 4199 Der
2304 4143 2579 4201 Indicativ
2625 4148 2784 4201 erant

1664 4212 1859 4268 deutet
1884 4231 1974 4281 an,
2003 4214 2131 4271 dass
2150 4214 2448 4286 Antipater
2465 4216 2642 4271 selbst
2661 4215 2785 4271 sich

1665 4282 1762 4339 der
1780 4284 2098 4357 Erwagung
2114 4284 2274 4341 nicht
2289 4286 2620 4357 verminosa,
2651 4286 2779 4343 dass
