3069 4749
830 134 1344 191 HISTORIARUM
1379 135 1813 192 ALEXANDRI
1851 136 1973 208 VII,
2011 143 2061 191 9.
2543 138 2631 204 95

267 300 476 367 lorica
537 319 672 380 non
735 297 1032 366 indutum
1089 302 1422 363 scutorum
1485 299 1814 364 testudine
1881 299 2119 364 armati
2182 300 2634 384 protegebant.

267 388 450 453 Idem
506 387 664 452 ordo
729 387 800 451 in
863 387 998 452 illis
1067 409 1320 472 quoque
1373 387 1657 470 ratibuS,
1722 409 1889 472 quae
1946 389 2230 472 equitem
2290 389 2633 474 vehebant,
2670 411 2705 460 4

269 479 594 542 servatus
607 479 725 540 est.
799 474 1015 541 Maior
1058 498 1212 561 pars
1251 497 1290 540 a
1325 497 1541 560 puppe
1582 480 1819 542 nantes
1855 498 2055 562 equos
2101 477 2265 543 loris
2309 477 2634 544 trahebat.

269 566 366 631 At
407 565 591 648 illos,
623 585 800 659 quos
839 567 1018 629 utres
1057 567 1414 630 stramento
1457 565 1696 648 repleti
1730 565 2081 650 vehebant,
2128 566 2421 632 obiectae
2454 569 2631 631 rates

270 645 641 720 tuebantur.
733 652 886 737 Ipse
939 675 1053 718 rex
1099 675 1246 718 cum
1301 653 1567 718 delectis
1628 654 1879 737 primus
1933 658 2143 719 ratem
2190 655 2389 720 solvit
2444 658 2511 719 et
2565 655 2635 719 in
2671 676 2703 724 5

271 744 484 844 ripam
531 741 727 826 dirigi
781 742 988 808 iussit.
1079 740 1201 808 Oui
1247 739 1526 826 Scythae
1576 742 1872 808 admotos
1920 742 2181 808 ordines
2226 747 2519 827 equitum
2564 743 2635 806 in

272 832 484 915 primo
530 831 710 914 ripae
739 831 1048 916 margine
1099 834 1460 914 opponunt,
1505 835 1581 895 ut
1624 853 1710 896 06
1754 830 2067 915 adplicari
2114 832 2374 916 quidem
2418 837 2635 897 terrae

275 922 448 984 rates
485 922 772 1004 possent.
847 918 1149 985 Ceterum
1186 923 1447 1002 praeter
1481 919 1651 984 hanc
1690 920 1973 1003 speciem
2008 920 2168 1003 ripis
2207 920 2633 1003 praesidentis
2671 941 2703 990 6

275 1009 623 1092 exercitus,
669 1009 900 1094 ingens
945 1008 1330 1092 navigantes
1377 1011 1591 1073 terror
1634 1007 1988 1074 invaserat:
2048 1030 2329 1093 namque
2377 1030 2636 1074 cursum

275 1096 774 1182 gubernatores,
831 1119 976 1161 cum
1033 1096 1299 1180 obliquo
1356 1096 1619 1161 flumine
1676 1097 2167 1181 inpellerentur,
2222 1117 2447 1181 regere
2503 1119 2637 1162 non

274 1189 583 1269 poterant
655 1185 1166 1270 vacillantesque
1229 1185 1490 1257 milites
1543 1189 1632 1263 et,
1694 1207 1776 1250 ne
1834 1188 2313 1270 excuterentur,
2369 1185 2638 1252 solliciti

273 1277 620 1338 nautarum
667 1273 1030 1339 ministeria
1075 1273 1514 1338 turbaverant.
1586 1273 1653 1340 N
1656 1297 1689 1338 e
1734 1275 1872 1338 tela
1919 1274 2176 1359 quidem
2222 1275 2438 1339 conati
2482 1275 2631 1338 nisu
2670 1295 2703 1345 '¹1

275 1363 558 1445 vibrare⁸
577 1365 904 1446 poterant,
953 1385 1102 1428 cum
1138 1362 1321 1446 prior
1357 1363 1575 1427 standi
1612 1364 1752 1427 sine
1798 1363 2089 1446 periculo
2138 1385 2333 1447 quam
2373 1362 2633 1429 hostem

273 1451 640 1516 incessendi
676 1473 830 1516 cura
865 1455 1055 1517 esset.
1131 1449 1488 1516 Tormenta
1524 1452 1723 1516 saluti
1767 1451 2055 1536 fuerunt,
2102 1451 2337 1535 quibus
2380 1451 2451 1514 in
2490 1473 2636 1516 con-

273 1539 480 1604 fertos
528 1562 604 1604 ac
649 1546 892 1606 temere
939 1563 1010 1606 86
1055 1539 1402 1604 offerentes
1457 1541 1632 1604 haud
1682 1541 1928 1605 frustra
1975 1561 2245 1605 excussa
2290 1542 2443 1604 sunt
2485 1541 2637 1605 tela.

273 1627 554 1692 Barbari
601 1650 854 1713 quoque
891 1630 1226 1713 ingentem
1264 1629 1398 1693 vim
1437 1629 1829 1712 sagittarum
1874 1628 2168 1693 infudere
2204 1627 2458 1694 ratibus
2496 1629 2635 1693 vix·
2673 1652 2706 1700 8

279 1739 404 1800 que
448 1716 656 1780 ullum
699 1717 830 1781 fuit
877 1722 1158 1801 scutum,
1205 1717 1377 1802 quod
1421 1739 1555 1782 non
1600 1718 1895 1800 pluribus
1944 1717 2137 1782 simul
2184 1717 2449 1800 spiculis
2496 1739 2637 1800 per-

160 1809 251 1874 37
278 1805 620 1870 foraretur.
685 1805 954 1889 Iamque
981 1809 1196 1871 terrae
1224 1810 1402 1872 rates
1431 1805 1948 1890 adplicabantur,
1984 1828 2125 1870 cum
2159 1806 2328 1870 acies
2358 1806 2637 1889 clipeata

277 1895 620 1977 consurgit
656 1897 722 1958 et
765 1894 992 1958 hastas
1035 1898 1210 1959 certo
1257 1895 1419 1978 ictu,
1465 1897 1697 1978 utpote
1742 1895 1949 1959 libero
1994 1896 2172 1978 nisu,
2219 1894 2423 1958 mittit
2461 1916 2495 1957 6
2532 1917 2634 1958 ra·
2673 1919 2704 1967 9
2755 1934 2763 1940 ·

273 1982 472 2047 tibae.
545 1981 636 2046 Et
673 1985 748 2046 ut
783 1983 1050 2048 territos
1077 1983 1596 2067 recipientesque
1625 2005 1821 2068 equos
1850 1982 2089 2066 videre,
2126 1983 2375 2048 alacres
2409 1985 2637 2048 mutua

276 2070 733 2136 adhortatione
788 2071 859 2135 in
905 2075 1143 2135 terram
1201 2070 1517 2136 desiliere.
1610 2071 1917 2137 Turbatis
1974 2072 2211 2137 acriter
2262 2071 2494 2155 pedem
2540 2071 2636 2136 in-
2678 2095 2743 2144 10

273 2160 447 2224 ferre
486 2164 854 2243 coeperunt.
935 2159 1252 2244 Equitum
1288 2161 1518 2226 deinde
1566 2165 1846 2244 turmae,
1892 2182 2058 2246 quae
2100 2160 2393 2226 frenatos
2439 2160 2639 2224 habe-

279 2249 440 2313 bant
478 2270 703 2333 equos,
732 2248 1102 2334 perfregere
1133 2249 1556 2315 barbarorum
1586 2250 1817 2314 aciem:
1859 2249 2121 2314 interim
2150 2249 2351 2314 ceteri
2380 2249 2639 2334 agmine

275 2336 726 2405 dimicantium
771 2338 931 2404 tecti
979 2341 1286 2442 aptavere
1335 2361 1402 2403 se
1447 2359 1725 2441 pugnae.
1798 2336 1950 2423 Ipse
1995 2361 2135 2423 rex,
2182 2339 2352 2423 quod
2388 2337 2635 2425 vigoris
2677 2363 2739 2412 11

275 2448 472 2512 aegro
531 2428 740 2493 adhuc
789 2430 1044 2512 corpori
1099 2428 1347 2506 deerat,
1404 2428 1606 2493 animi
1661 2428 1973 2493 firmitate
2030 2428 2397 2512 supplebat.
2488 2426 2638 2493 Vox

275 2516 688 2581 adhortantis
735 2539 870 2582 non
912 2520 1174 2601 poterat
1221 2478 1430 2582 audiri
1473 2517 1766 2582 nondum
1811 2517 1975 2582 bene
2023 2516 2303 2582 obducta
2342 2516 2640 2583 cicatrice

276 2624 572 2687 06110018,
620 2605 732 2669 sed
780 2605 1194 2669 dimicantem
1241 2606 1458 2671 cuncti
1502 2605 1830 2670 videbant.
1920 2598 2147 2689 Itaque
2192 2605 2321 2691 ipsi
2380 2605 2637 2689 quidem
2680 2631 2744 2678 12

278 2692 518 2756 ducum
563 2692 1007 2776 fungebantur
1051 2693 1267 2758 officio
1306 2694 1599 2779 aliusque
1640 2695 1842 2759 alium
1891 2693 2221 2759 adhortati
2268 2695 2337 2757 in
2380 2693 2640 2759 hostem

278 2884 382 2938 das
418 2880 764 2937 Hintertheil
799 2882 898 2937 des
937 2882 1172 2939 Schiffes
1209 2884 1317 2940 ein.
1348 2916 1405 2925 -—
1513 2887 1643 2957 Vgl.
1681 2886 1945 2957 iibrigens
1982 2886 2091 2941 tela
2114 2886 2395 2954 (sayittas)
2429 2887 2639 2940 mittere

277 2955 531 3009 armati
591 2954 1074 3040 nachgetragenes
1137 2954 1406 3042 Adjektiv
1511 2959 1744 3024 maiore,
1796 2957 2047 3012 liberiore
2088 2957 2221 3010 nica
2264 2960 2315 3009 8.
2367 2960 2415 3009 9.
2467 2961 2535 3009 28
2583 2973 2639 3009 0.

273 3044 344 3080 zu
381 3025 583 3094 reliqui
620 3049 689 3070 ==
728 3018 892 3079 αὐτοὶ
931 3020 1286 3095 ὡπλισμένοι.
1512 3030 1689 3082 unten
1716 3034 1747 3094 ς
1768 3034 1817 3084 9.
1876 3027 2031 3083 Ganz
2058 3026 2287 3081 ahnlich
2317 3025 2639 3081 beschreibt

350 3100 402 3149 4.
451 3114 488 3149 a
523 3112 776 3165 puppe,
832 3114 899 3150 zu
945 3096 1252 3153 verbinden
1298 3098 1406 3153 mit
1514 3099 1721 3153 Art-ian
1756 3100 1865 3153 den
1903 3098 2137 3154 Vorfall.

272 3166 570 3222 trahebant
616 3168 752 3223 loris
787 3166 838 3221 d.
879 3166 916 3222 i.
965 3168 1096 3223 loris
1145 3184 1174 3223 6
1217 3170 1406 3239 pappi
1585 3174 1635 3224 8.
1674 3170 1959 3225 barbari
1994 3184 2245 3239 quoque
2276 3169 2380 3223 etc.
2440 3167 2640 3223 Dieser

273 3238 444 3309 aptis,
481 3239 558 3293 ad
574 3240 817 3309 puppim
844 3239 1108 3309 alliyatia
1131 3271 1196 3280 —
1217 3245 1405 3295 atres
1512 3257 1689 3309 ganze
1736 3241 2069 3311 Peragraph
2130 3240 2208 3294 ist
2267 3239 2636 3306 Parenthese;

270 3310 552 3378 repleti,
591 3327 634 3365 8.
674 3315 724 3367 5.
765 3316 850 3365 17.
1514 3316 1547 3377 ἓ
1584 3316 1616 3365 9
1654 3312 1862 3381 km‘ipft
1898 3328 1969 3366 an
2010 3317 2040 3377 ξ
2077 3316 2107 3365 7
2146 3328 2234 3365 an.

347 3385 396 3434 5.
419 3382 614 3449 ripae
639 3382 962 3450 maryine.
994 3380 1404 3437 DieselbeVer-
1587 3387 1637 3438 9.
1676 3383 1884 3438 libero
1921 3383 2094 3437 nisu.
2168 3382 2283 3436 Das
2317 3381 2461 3436 freie
2499 3384 2638 3435 Aus-

274 3451 534 3521 bindnng
569 3453 672 3507 hat
709 3453 855 3507 auch
893 3452 1055 3508 Ovid.
1123 3451 1404 3507 Classisch
1513 3452 1688 3507 holen
1725 3470 1842 3508 war
1878 3454 1995 3508 erst
2038 3452 2288 3523 mbglich
2324 3453 2473 3507 nach
2510 3452 2639 3506 dem

277 3521 448 3575 daft'ir
483 3537 584 3577 ora
622 3548 688 3569 ==
726 3523 1199 3579 Kfistensaum.
1512 3524 1851 3590 Aufstehem
1906 3524 1995 3578 bis
2050 3523 2222 3579 dahin
2270 3523 2471 3578 hatten
2516 3522 2639 3576 sich

353 3597 402 3645 6.
441 3595 745 3661 speciem
782 3593 930 3649 hier:
987 3593 1404 3649 er-schrecken
1516 3594 1609 3648 die
1656 3595 1877 3663 clipeati
1931 3594 2119 3650 hinter
2162 3595 2327 3649 ihren
2373 3591 2639 3648 Schilden

276 3661 687 3720 denAnblick’.
729 3665 1406 3721 Praesidentiswie3.
1515 3665 1840 3735 verborgen.
1864 3697 1931 3705 —-
1960 3667 2267 3732 territae,
2302 3664 2472 3719 naml.
2511 3665 2637 3718 bar-

280 3740 328 3788 1.
361 3738 455 3799 203
496 3739 544 3787 3.
584 3738 634 3788 4.
670 3740 702 3789 5
731 3741 963 3793 11.δ.-
993 3738 1112 3805 inp
1124 3737 1404 3791 elleren-
1515 3737 1693 3790 barca.
1749 3736 1948 3791 Neben
1983 3752 2037 3791 se
2072 3738 2307 3804 recipere
2342 3752 2459 3790 war
2492 3735 2638 3789 auch

274 3810 390 3860 tar
423 3804 572 3859 nach
602 3804 913 3861 bekannter
938 3806 1282 3875 Metonymie
1316 3808 1408 3861 fiir
1513 3808 1751 3874 recipere
1776 3808 2025 3875 militem,
2054 3808 2348 3863 exercitam
2374 3824 2427 3863 11.
2458 3805 2637 3875 dergl.

274 3892 444 3931 naves
481 3890 667 3930 eorum
701 3878 1107 3945 inpellerentwr.
1173 3878 1405 3947 obliquo
1513 3878 1725 3932 fiblich.

275 3948 530 4015 fiamine,
579 3946 630 4002 d.
679 3946 716 4001 i.
764 3949 941 4003 durch
988 3951 1077 4005 die
1125 3950 1403 4005 seitwarts
1588 3954 1672 4003 10.
1728 3964 1894 4017 qaae
1947 3949 2252 4016 frenatos
2304 3947 2639 4003 habebant

277 4017 666 4088 andringende
704 4018 1022 4091 Stromung.
1054 4052 1124 4061 —
1159 4025 1404 4075 nauta·
1513 4020 1568 4074 d.
1620 4018 1675 4073 h.
1733 4019 1993 4074 insoweit
2048 4019 2127 4073 sie
2183 4017 2389 4073 bereits
2444 4018 2638 4087 ausge-

276 4106 422 4143 ram
477 4089 880 4148 ministeria.
964 4092 1118 4147 Ganz
1174 4090 1403 4145 ahnlich
1513 4091 1705 4145 zaumt
1738 4089 1952 4145 hatten.
2028 4089 2135 4145 Die
2169 4090 2317 4144 noch
2351 4088 2513 4143 nicht
2548 4105 2637 4143 80-

279 4158 460 4215 Sache
497 4159 613 4214 und
650 4160 947 4217 Ausdruck
975 4169 1026 4217 4.
1054 4169 1105 4217 3.
1138 4167 1230 4229 183
1271 4168 1320 4217 9.
1351 4167 1401 4216 4.
1512 4161 1649 4217 weit
1717 4161 1849 4216 kam
1853 4160 2157 4231 pffertigen
2222 4160 2637 4215 Schwadronen

282 4234 366 4283 10.
429 4230 562 4300 Vgl.
602 4232 746 4285 auch
783 4234 913 4288 Tac.
952 4250 1079 4287 ann.
1118 4239 1168 4288 2.
1207 4239 1295 4290 23.
1513 4232 1739 4288 werden
1773 4232 1880 4287 mit
1914 4233 2075 4286 ceteri
2110 4229 2452 4286 bezeichnet.

357 4306 404 4355 ’1.
428 4302 661 4355 conati
689 4318 729 4356 8.
755 4321 802 4357 v.
823 4320 873 4358 a.
903 4321 1028 4360 cum
1055 4309 1402 4359 conarentur.
1587 4310 1670 4359 11.
1710 4304 2031 4358 cicatrice
2068 4304 2351 4359 cervicis
2393 4321 2433 4357 8.
2466 4308 2517 4357 6.
2548 4307 2633 4357 22.
