3069 4749
320 459 385 508 17
424 438 832 503 occasionem
879 438 1070 503 dedit.

315 1154 423 1217 19'

342 2818 371 2866 1

424 186 557 251 130
1329 191 1391 253 Q.
1432 190 1653 241 OURTI
1685 190 1858 241 RUFI

423 347 884 433 Apollonidem
922 353 989 414 et
1017 350 1207 414 duces
1242 350 1523 415 militum
1563 353 1710 415 orta
1738 350 1971 415 seditio
2001 350 2412 435 inrumpendi
2447 352 2519 416 in
2545 354 2774 420 urbem

1162 436 1454 524 Cumque
1507 443 1699 523 porta
1753 440 2019 505 effracta
2064 439 2298 505 cohors
2344 438 2773 509 Macedonum

422 528 751 611 intrasset,
798 526 1107 611 oppidani
1152 528 1308 591 olim
1354 528 1628 593 consilio
1674 527 2060 611 proditionis
2109 528 2359 613 agitato
2406 529 2772 618 adgregant

319 636 385 685 18
424 637 493 679 se
556 615 960 698 Amphotero
1028 618 1095 680 et
1157 615 1551 702 Hegelocho.
1639 616 2107 701 Persarumque
2177 618 2505 700 praesidio
2581 641 2773 687 caeso

421 703 882 769 Pharnabazus
936 726 1085 769 cum
1132 704 1521 788 Apollonide
1579 709 1646 770 et
1691 704 2116 790 Athenagora
2161 706 2362 770 vincti
2405 708 2770 793 traduntur,

422 811 525 857 ΧΠ
568 794 864 857 triremes
912 815 1057 858 cum
1096 814 1213 858 suo
1250 794 1459 859 milite
1496 815 1573 859 ac
1608 794 1870 879 remige,
1917 797 2174 876 praeter
2211 816 2319 859 eas
2356 813 2503 861 xxx
2539 797 2768 863 inanes

422 885 487 945 et
522 902 559 942 *
592 903 630 943 *
665 882 930 965 piratici
972 882 1173 947 lembi
1210 880 1729 967 Graecorumque
1773 900 1854 947 111
1898 883 2080 947 milia
2126 905 2166 947 a
2210 882 2429 948 Persis
2477 886 2768 950 mercede

422 969 757 1035 conducta.
844 970 971 1035 His
1016 972 1085 1035 in
1132 971 1654 1056 supplementum
1701 972 2030 1055 copiarum
2087 992 2352 1036 suarum
2396 971 2766 1040 distributis

420 1059 779 1143 piratisque
810 1059 1128 1143 supplicio
1158 1059 1429 1124 adfectis
1448 1060 1740 1146 captivos
1757 1062 2036 1146 remiges
2065 1059 2354 1125 adiecere
2373 1062 2566 1126 classi
2587 1084 2765 1129 suae.

596 1146 795 1213 Forte
847 1147 1284 1231 Aristonicus,
1329 1147 1937 1233 Methymnaeorum
1991 1152 2342 1235 tyrannus,
2399 1171 2546 1215 cum
2592 1152 2766 1235 pira-
2784 1154 2873 1218 24

419 1236 567 1301 ticis
610 1237 889 1302 navibus
936 1239 1205 1321 ignarus
1263 1238 1583 1322 omnium,
1638 1259 1802 1322 quae
1857 1238 2032 1321 apud
2078 1235 2315 1303 Chium
2370 1242 2518 1304 acta
2563 1244 2765 1324 erant,

418 1326 631 1407 prima
683 1326 909 1408 vigilia
962 1325 1046 1391 ad
1098 1329 1327 1411 portus
1383 1325 1696 1391 claustra.
1725 1326 2034 1391 successit
2095 1326 2662 1413 interrogatusque
2726 1351 2766 1393 a

418 1413 824 1499 custodibuS,
888 1416 1033 1499 quis
1098 1418 1299 1499 esset,
1361 1415 1809 1481 Aristonicum
1863 1416 1945 1479 ad
1998 1414 2490 1481 Pharnabazum
2544 1417 2765 1482 venire

310 1524 380 1573 20
418 1502 771 1587 respondit.
861 1502 975 1567 Illi
1030 1503 1528 1569 Pharnabazum
1595 1503 1854 1589 quidem
1918 1504 2051 1568 iam
2116 1504 2442 1588 quiescere
2505 1508 2572 1568 et
2631 1526 2766 1570 non

414 1612 605 1674 posse
648 1594 793 1656 tum
840 1592 1035 1676 adiri,
1081 1596 1372 1657 ceterum
1404 1595 1630 1676 patere
1667 1592 1844 1658 socio
1883 1596 2080 1677 atque
2115 1593 2360 1677 hospiti
2393 1596 2658 1677 portum
2694 1597 2763 1658 et

306 1702 374 1751 21
413 1683 677 1763 postero
726 1680 827 1745 die
872 1679 1283 1746 Pharnabazi
1327 1681 1584 1764 copiam
1628 1680 1766 1747 fore
1815 1680 2179 1745 adfirmant.
2250 1679 2390 1747 Nec
2437 1682 2764 1746 dubitavit

414 1768 825 1835 Aristonicus
872 1770 1122 1853 primus
1168 1770 1443 1854 intrare,
1500 1771 1706 1835 secuti
1761 1773 1910 1835 sunt
1955 1770 2181 1835 ducem
2233 1770 2495 1854 piratici
2544 1770 2762 1853 lembi,

414 1879 506 1940 ac,
543 1858 695 1922 dum
734 1858 1065 1943 adplicant
1100 1859 1367 1945 navigia
1401 1860 1717 1943 crepidini
1751 1864 2002 1944 portuS,
2047 1858 2329 1924 obicitur
2365 1882 2406 1923 a
2450 1859 2760 1944 vigilibus

413 1947 768 2012 claustrum
825 1951 916 2031 et,
972 1948 1085 2033 qui
1138 1948 1420 2033 proximi
1475 1949 1913 2034 excubabant,
1971 1948 2054 2012 ab
2117 1948 2324 2012 isdem
2379 1949 2758 2013 excitantur.

411 2034 614 2101 Nullo
672 2058 751 2101 ex
812 2037 895 2101 iis
951 2058 1109 2102 auso
1164 2056 1527 2121 repugnare
1583 2036 1882 2101 omnibus
1937 2040 2204 2101 catenae
2262 2035 2542 2101 iniectae
2559 2039 2758 2120 ,sunt‚

306 2147 373 2195 22
409 2124 816 2209 Amphotero
872 2125 1099 2189 deinde
1147 2124 1648 2209 Hegelochoque
1703 2123 2063 2187 traduntur.
2151 2122 2322 2187 Hinc
2365 2123 2759 2190 Macedones

409 2213 727 2277 transiere
764 2210 1138 2296 Mitylenen,
1174 2234 1370 2297 quam
1408 2210 1656 2276 Chares
1686 2210 2106 2275 Atheniensis
2142 2232 2353 2294 nuper
2379 2215 2760 2295 occupatam

409 2318 463 2363 11
516 2300 769 2363 milium
824 2298 1171 2377 Persarum
1222 2299 1545 2383 praesidio
1610 2298 1908 2382 tenebat,
1974 2297 2087 2363 sed
2148 2319 2294 2362 cum
2351 2299 2757 2367 obsidionem

409 2388 691 2453 tolerare
736 2410 869 2453 non
914 2391 1152 2472 posset,
1198 2388 1357 2453 urbe
1401 2387 1646 2468 tradita
1690 2389 1935 2472 pactuS,
1980 2391 2056 2452 ut
2101 2387 2412 2453 incolumi
2457 2389 2638 2454 abire
2683 2390 2758 2454 li-

276 2511 328 2569 f&
412 2480 602 2560 ceret,
646 2475 937 2541 Imbrum
980 2476 1165 2562 petit.
1255 2475 1512 2542 Deditis
1558 2474 1945 2541 Macedones
1990 2481 2456 2620 pepercerunt]

1426 2667 1586 2738 CAP.
1631 2669 1746 2738 VI.

587 2794 837 2860 Dareus
886 2795 1227 2881 desperata
1271 2816 1463 2878 pace,
1520 2816 1718 2879 quam
1764 2817 1881 2880 per
1925 2796 2181 2860 litteras
2229 2796 2612 2881 legatosque
2656 2795 2756 2859 in-
2775 2795 2872 2864 25

407 2885 653 2970 petrari
687 2906 882 2968 posse
920 2883 1295 2963 crediderat,
1332 2883 1414 2948 ad
1450 2883 1850 2969 reparandas
1878 2885 2050 2950 vires
2085 2884 2454 2970 bellumque
2481 2884 2758 2970 impigre

485 3082 567 3132 17.
606 3077 865 3145 cohors,
904 3075 1037 3145 allg.
1078 3101 1147 3120 =
1182 3077 1377 3144 turba,
1414 3092 1529 3130 ma-

406 3164 531 3202 nus.
608 3147 680 3202 So
726 3147 807 3201 im
852 3145 1310 3216 uneigentlichen
1358 3145 1531 3202 Sinne

409 3219 547 3289 leqio
584 3224 633 3274 9.
673 3225 723 3273 2.
762 3223 863 3286 243
903 3217 1227 3286 manipulus
1266 3223 1349 3274 10.
1386 3223 1439 3271 4.
1478 3223 1528 3273 3.

484 3329 569 3378 18.
606 3325 849 3390 vincti,
894 3319 1044 3378 κατὰ
1080 3318 1334 3391 σύνεσιν,
1382 3340 1425 3376 s.
1462 3321 1529 3378 E.

410 3401 505 3462 683
551 3396 929 3450 traduntur
962 3393 1040 3448 ist
1076 3394 1222 3448 auch
1257 3392 1532 3448 Pradikat

406 3485 477 3520 zu
513 3466 622 3520 den
658 3464 798 3535 folg.
838 3464 1148 3534 Subjekten
1184 3464 1318 3534 (vgl.
1358 3471 1409 3518 3.
1442 3469 1525 3518 13.

410 3538 529 3605 14);
565 3537 740 3595 vincti
773 3535 852 3590 ist
886 3534 1086 3592 betont
1121 3552 1175 3590 u.
1215 3536 1530 3606 entspricht

408 3608 517 3663 den
563 3607 702 3677 folg.
739 3607 1068 3661 Attributen
1114 3623 1237 3661 cum
1276 3623 1319 3661 s.
1357 3607 1529 3661 milite

406 3699 461 3734 u.
518 3681 729 3735 inanes.
788 3707 857 3718 -
913 3679 1049 3746 pir.
1106 3678 1327 3744 lembi,
1382 3677 1528 3732 auch

408 3757 441 3817 ἓ
469 3756 557 3821 21,
588 3769 629 3806 s,
658 3769 710 3805 v,
741 3768 791 3805 a.
820 3745 1075 3818 ἡμιόλιαι
1110 3749 1407 3820 λῃστρικαί
1433 3747 1529 3802 bei

405 3823 529 3878 Art.
604 3822 680 3875 Es
726 3821 804 3876 ist
846 3820 1000 3875 wohl
1044 3819 1167 3874 eine
1214 3818 1355 3873 Zahl
1405 3835 1528 3872 aus-

406 3893 672 3963 gefallen.
724 3923 793 3933 —
846 3893 922 3944 in
971 3893 1526 3960 supplementum,

407 3962 697 4019 mehrfach
732 3962 827 4018 bei
862 3962 983 4019 Liv.
1023 3977 1077 4016 u.
1118 3959 1202 4029 C.‚
1240 3961 1387 4015 doch
1422 3978 1528 4014 nur

409 4035 533 4090 hier
570 4053 615 4091 c.
656 4035 840 4104 genet.

483 4145 567 4196 19.
604 4139 1059 4195 Aristonicus
1105 4137 1208 4191 Die
1243 4137 1379 4206 folg.
1418 4135 1525 4191 Ge-

410 4211 661 4266 schichte
717 4209 931 4266 erzahlt
985 4210 1130 4264 auch
1179 4207 1397 4262 Arrian.
1458 4238 1524 4248 —

410 4279 715 4336 claustra
735 4308 804 4327 =
827 4284 1083 4349 κλεῖθρα.
1121 4278 1236 4334 Der
1263 4278 1527 4349 Singular-

412 4350 475 4416 (s.
530 4355 561 4414 ξ
607 4353 700 4420 21)
755 4352 1083 4408 bezeichnet
1135 4351 1227 4406 die
1280 4349 1525 4406 Schlul's-

1637 3074 2020 3144 vorrichtung,
2051 3075 2478 3144 Sperrkette‚
2506 3073 2608 3127 der
2623 3072 2756 3128 Plu-

1637 3146 1724 3199 ral
1760 3146 2078 3214 uberhaupt
2114 3144 2224 3200 den
2257 3142 2703 3212 Hafeneingang.

1710 3221 1796 3270 20.
1834 3221 1893 3270 ct
1926 3231 2060 3270 non
2095 3232 2136 3269 s.
2175 3215 2236 3267 Ε.
2280 3221 2364 3268 66.
2396 3243 2465 3252 —-
2492 3214 2755 3282 copiam

1639 3311 1708 3334 --=
1745 3287 2046 3356 Zugang,
2093 3284 2350 3354 Zutritt
2393 3302 2464 3337 zu
2499 3284 2604 3339 etc.
2679 3283 2756 3338 So

1640 3356 1774 3412 Sall.
1811 3356 1932 3424 Iug.
1962 3362 2030 3411 22
2069 3355 2400 3412 Adherbalis
2435 3356 2758 3426 appellandi

1638 3429 1798 3498 copia
1832 3445 1947 3482 non
1985 3429 2112 3494 fuit.

1707 3504 1794 3553 21.
1831 3515 1909 3553 ac
1936 3523 2004 3544 ιιι-
2037 3497 2174 3551 ‘und
2201 3497 2378 3567 (aber)
2407 3497 2607 3552 sofort’
2648 3497 2756 3552 wie

1708 3645 1794 3696 22.
1854 3641 2251 3710 Mitylenen.
2302 3638 2432 3708 vgl.
2470 3637 2593 3694 Art.
2632 3645 2682 3694 3.
2720 3643 2754 3693 2

1635 3710 1735 3765 καὶ
1753 3707 2089 3780 Μιτυλήνην
2106 3707 2344 3780 Χάρητα
2364 3708 2569 3780 ἔχοντα
2589 3701 2754 3778 ἀφει-

1635 3786 1780 3836 λετο.
1854 3781 2048 3837 Dieser
2095 3779 2304 3837 Chares
2348 3782 2427 3836 ist
2473 3781 2632 3835 nicht
2686 3797 2756 3833 zu

1637 3853 2018 3908 verwechseln
2073 3852 2182 3907 mit
2241 3853 2370 3908 dem
2433 3851 2756 3906 bekannten

1636 3923 2005 3980 athenischen
2041 3922 2349 3979 Feldherrn
2391 3922 2470 3976 im
2507 3921 2754 3976 Bundes·

1635 4011 1934 4064 genossen-
1971 3995 2087 4049 und
2123 3993 2517 4064 olynthischen
2549 3990 2755 4060 Kriege

1637 4069 1694 4134 (†
1721 4067 1865 4136 338).
1893 4097 1964 4107 —
1990 4067 2126 4134 sed,
2162 4067 2308 4121 trotz
2337 4065 2438 4119 der
2461 4063 2623 4118 nicht
2646 4081 2750 4117 un-

1634 4137 2084 4192 betrachtlichen
2118 4134 2449 4204 Besatzung.

2059 4260 2195 4314 Ku.
2231 4257 2326 4315 VL

1709 4355 1756 4404 1.
1794 4350 2090 4418 Dareus,
2127 4344 2491 4416 ankm‘ipfend
2517 4360 2591 4399 an
2618 4347 2668 4398 5.
2700 4350 2752 4400 8.

3047 2383 3056 2498 1

3050 2545 3056 2678 l
