3069 4749
928 179 1431 232 HISTOBJARUM
1468 179 1889 231 ALEXANDRI
1924 181 1990 245 V,
2033 183 2115 233 13.
2553 178 2682 244 211

335 349 469 414 nuo
518 341 763 428 alioqui
811 340 1235 427 cupiditatem
1274 339 1708 426 consequendi
1745 339 2093 426 transfuga
2138 341 2464 406 iniecerat.
2557 341 2692 406 Ita-

336 455 460 518 que
518 430 879 497 calcaribus
942 430 1217 495 subditis
1278 429 1481 494 effuso
1548 450 1738 494 cursu
1795 433 1966 494 eunt.
2056 427 2324 516 Iamque
2390 430 2690 496 fremitus

338 522 628 588 hostium
674 521 801 585 iter
845 518 1351 605 ingredientium
1408 517 1896 596 exaudiebatur,
1955 517 2068 582 sed
2122 522 2538 602 prospectum
2585 520 2694 584 ad-

338 614 587 676 emerat
630 609 917 692 pulveris
963 608 1188 674 nubes.
1250 607 1590 691 Paulisper
1635 609 1792 691 ergo
1837 606 2125 672 inhibuit
2168 629 2446 691 cursum,
2491 609 2694 674 donec
2733 631 2799 679 13

340 698 703 765 consideret
746 698 977 782 pulvis.
1065 695 1333 781 Iamque
1390 695 1724 780 conspecti
1779 717 1818 760 a
1873 695 2172 761 barbaris
2221 700 2406 762 erant
2460 700 2528 761 et
2581 698 2690 762 ab·

341 789 629 854 euntium
668 807 901 872 agmen
942 787 1413 869 conspexerant
1457 805 1870 869 nequaquam
1907 784 2112 850 futuri
2157 806 2364 868 pares,
2401 786 2459 850 si
2487 785 2690 852 Besso

339 880 598 942 tantum
654 875 857 940 animi
911 875 1147 939 fuisset
1202 874 1283 939 ad
1345 874 1690 957 proelium,
1755 877 2070 957 quantum
2126 873 2208 938 ad
2273 873 2691 958 parricidium

339 965 569 1030 fuerat.
641 963 943 1048 Namque
982 966 1047 1027 et
1090 982 1361 1028 numero
1406 961 1670 1027 barbari
1719 963 2144 1044 praestabant
2189 965 2256 1026 et
2300 963 2558 1028 robore:
2610 963 2690 1029 ad

336 1055 461 1119 hoc
506 1053 733 1118 refecti
780 1075 924 1117 cum
971 1052 1271 1138 fatigatis
1319 1055 1648 1116 certamen
1703 1050 1933 1116 inituri
1985 1055 2188 1122 eraeit.
2281 1049 2405 1116 Sed
2451 1073 2692 1117 nomen
2732 1075 2797 1124 14

340 1141 697 1207 Alexandri
744 1144 809 1206 et
852 1141 1046 1224 fama,
1092 1141 1447 1206 maximum
1496 1139 1566 1204 in
1614 1138 1787 1204 bello
1837 1140 2059 1224 utique
2105 1143 2532 1224 momentum,
2575 1163 2687 1224 pa-

231 1237 315 1301 37
339 1231 523 1297 vidos
576 1230 647 1294 in
700 1230 924 1315 fugam
979 1231 1235 1295 avertit.
1322 1217 1570 1294 Bessus
1615 1249 1768 1293 vero
1817 1232 1884 1292 et
1937 1230 2136 1293 ceteri
2180 1229 2492 1294 facinoris
2547 1231 2684 1294 eius
2727 1253 2792 1302 15

337 1319 691 1404 participes
751 1318 1116 1384 vehiculum
1172 1317 1369 1382 Darei
1436 1317 1727 1382 adsecuti
1791 1321 2144 1400 coeperunt
2205 1317 2456 1382 hortari
2519 1341 2685 1402 eum,

336 1408 798 1474 conscenderet
814 1421 1071 1493 *equum
1108 1410 1174 1472 et
1214 1428 1281 1472 se
1318 1406 1497 1470 hosti
1536 1405 1695 1490 fuga
1733 1405 2026 1489 eriperet.
2085 1404 2208 1470 Ille
2247 1407 2398 1471 deos
2437 1408 2680 1472 ultores
2726 1429 2790 1478 16

338 1497 562 1562 adesse
612 1499 895 1561 testatur
948 1503 1015 1561 et
1060 1495 1414 1561 Alexandri
1470 1493 1662 1558 fidem
1715 1494 2050 1578 inplorans
2107 1500 2308 1580 negat
2365 1517 2431 1560 se
2477 1497 2684 1580 parri-

338 1585 512 1651 cidas
559 1585 725 1650 velle
773 1585 1093 1651 comitari.
1184 1583 1353 1648 Tum
1398 1603 1552 1648 vero
1607 1584 1706 1647 ira
1760 1605 2015 1668 quoque
2062 1585 2315 1648 accensi
2360 1584 2494 1648 tela
2538 1607 2682 1649 con-

336 1673 541 1738 iciunt
600 1674 673 1739 in
734 1695 957 1759 regem
1021 1675 1370 1757 multisque
1424 1671 1798 1736 confossum
1853 1672 2230 1738 vulneribus
2287 1674 2682 1758 relinquunt.

338 1761 633 1828 Iumenta
688 1783 969 1848 quoque,
1031 1784 1115 1828 ne
1168 1761 1431 1846 longius
1494 1761 1798 1845 prosequi
1860 1765 2154 1844 possent,
2215 1763 2683 1828 convulnerant
2723 1784 2787 1833 17

338 1851 588 1916 duobus
646 1853 879 1935 servis,
944 1851 1055 1936 qui
1112 1871 1333 1933 regem
1400 1849 1904 1932 comitabantur,
1970 1850 2218 1916 occisis.
2307 1849 2450 1916 Hoc
2504 1851 2678 1916 edito
2723 1872 2788 1921 18

336 1940 653 2022 facinore,
696 1943 773 2004 ut
806 1939 1084 2024 vestigia
1120 1939 1317 2025 fugae
1356 1943 1766 2023 spargerent,
1813 1937 2230 2004 Nabarzanes
2267 1938 2682 2025 Hyrcaniam,

336 2027 575 2093 Bessus
623 2027 863 2094 Bactra
908 2029 1135 2114 paucis
1182 2028 1472 2113 equitum
1520 2027 1984 2092 comitantibus
2019 2028 2342 2111 petebant.
2405 2027 2684 2092 Barbari

337 2117 607 2184 ducibus
654 2117 978 2200 destituti,
1033 2139 1161 2203 qua
1225 2137 1542 2201 quemque
1603 2118 1716 2180 aut
1769 2137 1917 2198 spes
1973 2115 2272 2181 ducebat.
2305 2121 2418 2180 aut
2461 2139 2684 2201 pavor,

338 2207 855 2291 dissipabantur:
900 2224 950 2270 D
988 2210 1245 2270 tantum
1283 2206 1534 2290 equites
1575 2210 2131 2289 congregaverant
2177 2226 2264 2287 ne,
2304 2207 2538 2271 incerti
2575 2207 2683 2270 ad·
2763 2215 2768 2220 '

334 2295 479 2380 huc,
526 2295 829 2360 resistere
875 2295 1106 2358 melius
1154 2297 1327 2360 esset
1350 2315 1457 2357 ·an
1502 2293 1748 2379 fugere.
1821 2295 2186 2360 Alexander
2229 2295 2516 2360 hostium
2561 2299 2684 2362 tre-
2725 2318 2789 2367 19

340 2384 673 2468 pidatione
720 2390 1033 2467 conperta
1068 2384 1459 2450 Nicanorem
1506 2404 1654 2447 cum
1701 2385 1990 2467 equitum
2035 2390 2224 2468 parte
2271 2384 2352 2449 ad
2392 2384 2682 2451 inhiben-

341 2474 489 2538 dam
548 2473 771 2559 fugam
828 2474 1096 2538 emittit:
1137 2474 1301 2558 *ipse
1366 2494 1513 2537 cum
1579 2474 1808 2537 ceteris
1873 2475 2181 2557 sequitur.
2275 2474 2429 2540 Tria
2481 2474 2684 2539 ferme

340 2562 523 2625 milia
568 2562 939 2627 resistentia
985 2562 1193 2627 occisa
1248 2565 1424 2645 sunt,
1478 2561 1798 2644 reliquum
1855 2582 2088 2645 agmen
2143 2562 2460 2647 pecudum
2505 2585 2682 2628 more

343 2650 660 2713 intactum
734 2651 1048 2735 agebatur
1118 2651 1382 2715 iubente
1454 2670 1635 2734 rege,
1707 2654 1779 2714 ut
1851 2650 2154 2716 caedibus
2229 2651 2682 2717 abstineretur.

344 2736 555 2802 Nemo
592 2739 993 2821 captivorum
1034 2738 1199 2823 erat,
1248 2739 1359 2823 qui
1396 2743 1759 2803 monstrare
1799 2737 1996 2802 Darei
2033 2740 2396 2803 vehiculum
2442 2745 2681 2824 posset.
2719 2765 2788 2814 20

410 2933 492 2983 12.
533 2929 829 2998 alioqui,
866 2928 1013 2983 hier:
1044 2930 1455 2999 uberhaupt,

336 3015 416 3054 an
454 2999 602 3054 sich
641 3000 873 3065 schem
912 3000 1118 3055 ebenso
1157 3006 1206 3055 4.
1240 3007 1289 3055 2.
1320 3006 1453 3055 5.-

334 3071 730 3126 ealearibus
755 3073 1054 3127 subditis
1082 3071 1188 3125 wie
1204 3076 1349 3126 415.
1371 3077 1452 3125 11.

334 3172 400 3181 -—-
440 3144 551 3209 eff.
584 3159 753 3197 curs,
792 3142 900 3196 wie
938 3159 1041 3197 aw.
1074 3144 1249 3211 effusi,
1278 3144 1453 3211 effusa

330 3213 486 3282 fuya.
520 3244 586 3253 —-
624 3214 1159 3283 iuyredieutium
1196 3215 1340 3268 iter.
1380 3212 1453 3267 Es

332 3300 449 3337 war
465 3283 729 3339 unterdes
766 3302 834 3339 en
848 3285 970 3352 Tag
990 3285 1308 3353 geworden,
1328 3284 1450 3339 Arr.

332 3360 381 3409 3.
420 3360 507 3409 21.
545 3361 595 3409 3.
645 3385 715 3395 --
770 3356 1126 3411 ademerat.
1193 3354 1321 3424 Vgl.
1362 3354 1454 3411 die

330 3442 474 3493 ganz
513 3424 777 3480 ahnliche
818 3426 995 3480 Stelle
1034 3433 1083 3481 4.
1128 3431 1209 3479 15.
1251 3432 1335 3483 32.

405 3501 489 3551 14.
537 3497 897 3551 maximum
932 3502 1319 3552 momentum
1354 3497 1454 3551 be-

332 3566 483 3621 zieht
520 3567 640 3621 sich
680 3585 784 3621 nur
820 3567 925 3621 auf
962 3570 1118 3636 fama
1154 3568 1206 3623 d.
1246 3568 1283 3623 i.
1326 3568 1455 3622 ‘der

331 3638 520 3692 Ruhm
551 3639 651 3691 des
680 3638 960 3694 Feindes’.
1000 3637 1263 3703 Dieselbe
1299 3640 1456 3705 fama

330 3708 502 3762 haifst
533 3710 975 3777 infirmissimum
1000 3712 1166 3765 telum
1194 3712 1455 3765 adversus

328 3779 498 3847 fortes
532 3784 583 3836 4.
626 3785 709 3835 14.
755 3785 836 3835 13.

403 3856 486 3907 16.
525 3852 676 3906 deos
710 3852 969 3907 ultores
1007 3868 1049 3905 e.
1078 3856 1127 3905 3.
1160 3856 1242 3907 13.
1278 3856 1449 3906 17.-

326 3926 645 3988 testatur,
676 3922 943 3977 erklart
977 3922 1320 3988 feierlich,
1345 3923 1452 3977 wie

326 3993 380 4047 d.
417 3994 517 4049 ult.
558 3994 745 4049 adesse
781 3994 1059 4059 coufessus
1096 3998 1146 4047 7.
1176 3996 1223 4045 5.
1265 3997 1351 4049 25.
1381 4024 1453 4033 —

326 4065 711 4131 confossum
746 4066 1164 4119 vulneribus,
1238 4062 1449 4117 Diesel-

324 4136 435 4189 ben
490 4136 688 4191 Worte
745 4136 985 4190 braucht
1046 4134 1107 4187 in
1170 4133 1450 4203 gleichem

324 4204 813 4276 Zusammenhang
847 4206 1035 4261 Justin
1078 4210 1160 4259 11.
1202 4208 1285 4259 15.
1348 4204 1450 4259 Bei

323 4276 447 4364 Art.
495 4277 669 4333 heisst
714 4293 775 4331 es
824 4295 931 4332 nur
989 4273 1451 4352 κατατρώσαντες

326 4368 520 4403 αυτου.

1642 2934 1723 2983 17.
1744 2930 2085 2999 prosequi,
2113 2930 2361 2984 namlich
2389 2930 2558 2998 ipsos,
2573 2933 2680 2987 wie

1566 3000 1652 3055 oft
1685 3001 1865 3069 sequi,
1901 3002 2117 3071 insequi
2162 3001 2308 3055 ohne
2347 2999 2570 3071 Objekt.
2609 3033 2681 3043 --

1563 3088 1632 3195 ἕο
1642 3072 1888 3195 πέξα-ῑπε
1899 3089 1928 3127 r
1939 3090 2052 3195 alze
2107 3076 2291 3196 zuersg
2334 3072 2514 3197 bfiimfi
2530 3076 2678 3157 auct.

1605 3186 1616 3197 .
1743 3160 1838 3196 no.
1888 3160 1987 3196 vor
2031 3159 2251 3197 ommen
2305 3185 2318 3211 ,
2407 3160 2476 3197 au
2599 3163 2680 3198 1m

1565 3212 1844 3267 silberncn
1880 3211 2093 3267 Latein.
2517 3162 2555 3215 g

1639 3288 1719 3340 18.
1773 3300 2106 3353 spargere.
2163 3284 2432 3355 Sparyere
2469 3286 2678 3356 eigent·

1562 3354 1704 3410 licha
1737 3354 2057 3409 fiberallhin
2079 3362 2420 3425 ‘zerstreuem
2447 3374 2544 3413 um
2573 3359 2680 3413 den

1564 3425 1857 3495 Verfolger
1902 3428 2012 3481 irre
2059 3446 2126 3481 zu
2179 3426 2378 3496 leiten,
2435 3430 2680 3483 17611πί-

1566 3499 1679 3551 sch
1692 3514 1787 3551 en.
1861 3496 1990 3567 Vgl.
2047 3514 2102 3553 se
2153 3516 2434 3569 sparyere,
2486 3500 2682 3555 bellum

1563 3568 1991 3693 fflgfizerfiuparzd
2024 3569 2199 3695 Ρῗιὶἓτε
2211 3576 2452 3696 ggnzw}
2453 3571 2681 3711 bandi-1322

1561 3711 1720 3765 ducis
1755 3712 1984 3779 vestiyia
2016 3712 2163 3781 1e9it.

1639 3786 1720 3835 19.
1773 3782 2052 3848 emittm
2098 3783 2249 3838 wohl
2298 3782 2357 3836 in
2395 3782 2682 3837 seitlicher

1562 3850 1874 3921 Richtung,
1927 3852 2195 3907 wahrend
2241 3871 2300 3907 er
2337 3854 2514 3907 selbst
2551 3854 2681 3907 dem

1561 3922 1693 3977 Dar.
1725 3924 2008 3979 nacheilte
2041 3926 2092 3993 (ξ
2121 3926 2230 3993 21).-
2251 3954 2317 3964 --
2347 3926 2681 3979 intactum

1561 3995 1890 4063 ayebatur
1929 3996 1979 4049 d.
2019 3995 2074 4048 h.
2116 3995 2387 4049 trieben
2426 3995 2524 4049 sie
2561 4014 2678 4051 un-

1560 4066 1879 4120 versehrt
1926 4083 2045 4120 vor
2094 4064 2242 4120 sich
2288 4066 2422 4120 her.
2461 4096 2533 4106 —
2573 4068 2677 4123 iu·

1559 4138 1767 4204 beute,
1825 4136 2045 4190 ‘indem
2093 4152 2154 4190 er
2188 4136 2522 4191 wiederholt
2565 4138 2678 4191 ein—

1560 4208 1850 4262 scharfte'.
1892 4208 2054 4261 Nach
2083 4208 2240 4262 iubeo
2261 4208 2416 4261 steht
2431 4213 2495 4263 ut
2529 4210 2680 4263 noch

1558 4282 1608 4335 8.
1650 4284 1696 4333 1.
1735 4284 1822 4346 38,
1862 4280 1961 4332 der
1998 4277 2139 4333 coni.
2179 4277 2398 4333 adhort.
2441 4285 2488 4333 6.
2529 4286 2581 4337 4.
2623 4287 2677 4345 13

1559 4354 1608 4408 9.
1645 4354 1695 4404 4.
1735 4354 1820 4403 23.
1885 4348 2087 4404 Beides
2125 4349 2301 4404 sehon
2335 4348 2429 4404 bei
2465 4350 2586 4407 Liv.

2145 4439 2250 4492 14*
