3069 4749
178 632 259 696 13

855 108 1365 165 HISTORIARUM
1400 106 1832 163 ALEXANDRJ
1868 107 1962 176 VI,
2001 112 2051 161 4.
2549 104 2632 169 17

275 296 403 361 quo
454 274 729 339 effusum
766 275 886 355 est,
930 272 1227 337 relabens
1263 274 1508 335 terram
1544 272 1820 335 naturae
1857 290 2012 333 suae
2046 268 2276 333 reddit.
2363 268 2456 334 Et
2492 268 2632 352 qui-

278 365 429 430 dam
459 361 801 439 ‚credidere
846 382 979 425 non
1026 360 1320 425 clausum
1366 380 1548 423 mare
1595 380 1764 442 esse,
1817 356 1931 423 sed
1986 378 2064 421 ex
2117 356 2306 422 India
2347 357 2416 423 in
2462 355 2632 441 Hyr·

278 453 530 518 caniam
577 450 821 532 cadere,
868 449 1050 513 cuius
1098 447 1458 533 fastigium,
1502 449 1578 511 ut
1624 468 1821 531 supra
1865 446 2108 510 dictum
2156 449 2272 530 est,
2316 450 2634 532 perpetua

277 539 451 606 valle
499 538 927 604 submittitur.

456 627 627 693 Hinc
680 648 797 691 rex
842 643 942 689 xx
990 624 1203 690 stadia
1254 623 1577 708 processit
1631 622 1862 690 semita
1917 622 2386 705 propemodum
2433 622 2630 707 invia,
2667 634 2742 683 2ο

278 718 383 783 cui
440 716 611 781 silva
656 714 1070 797 imminebat,
1114 716 1564 800 torrentesque
1612 716 1677 776 et
1724 710 1966 777 eluvies
2013 710 2139 774 iter
2183 709 2633 775 morabantur.

278 804 478 871 Nullo
526 807 751 868 tamen
796 802 985 867 hoste
1031 800 1225 866 obvio
1273 804 1574 885 penetrat
1618 799 2009 883 tandemque
2057 798 2138 862 ad
2175 798 2454 863 cultiora
2489 820 2633 883 per-

278 897 543 959 ventum
584 896 701 957 est.
782 891 1053 956 Praeter
1088 889 1254 955 alios
1292 894 1712 972 commeatus,
1750 910 2023 973 quorum
2049 890 2193 952 tum
2220 887 2422 971 copia·
2447 889 2629 973 regio
2667 898 2738 947 21

279 981 683 1066 abundabat,
737 1001 1081 1064 pomorum
1138 1000 1393 1063 quoque
1448 978 1676 1063 ingens
1724 977 1951 1041 modus
1999 977 2286 1041 nascitur
2333 979 2398 1041 et
2442 977 2633 1041 uber·

281 1071 537 1135 rimum.
568 1068 911 1154 gignendis
948 1068 1093 1132 uvis
1134 1067 1343 1131 solum
1380 1072 1497 1131 est.
1579 1065 1908 1149 Frequens
1947 1065 2142 1130 arbor
2178 1064 2410 1129 faciem
2449 1087 2634 1150 quer·
2670 1075 2740 1125 22

282 1180 393 1223 cus
440 1158 667 1240 habet,
720 1158 899 1222 cuius
952 1156 1115 1220 folia
1168 1156 1375 1220 multo
1431 1155 1625 1220 melle
1678 1154 2050 1238 tinguntur,
2105 1153 2246 1237 sed,
2298 1154 2428 1219 nisi
2475 1154 2634 1218 solis

282 1250 501 1313 ortum
573 1245 823 1311 incolae
897 1244 1381 1328 occupaverint,
1453 1244 1555 1308 vel
1633 1242 1885 1307 modico
1959 1245 2185 1326 tepore
2261 1263 2452 1307 sucus
2527 1264 2633 1307 ex-

281 1336 625 1420 tinguitur.

460 1441 611 1487 xxx
654 1422 809 1487 hinc
856 1421 1069 1486 stadia
1103 1423 1527 1505 processerat,
1574 1442 1721 1485 cum
1756 1417 2280 1502 Phrataphernes
2321 1418 2382 1481 ei
2419 1438 2635 1483 occur-
2671 1429 2743 1478 23

282 1512 373 1577 rit
418 1532 613 1595 seque
659 1514 725 1574 et
770 1532 909 1593 eos,
955 1510 1067 1593 qui
1113 1512 1267 1593 post
1310 1508 1509 1574 Darei
1554 1512 1835 1574 mortem
1879 1506 2321 1591 profugerant,
2369 1505 2636 1571 dedens:

285 1600 520 1684 quibus
578 1598 854 1683 benigne
901 1598 1189 1682 exceptis
1237 1598 1317 1661 ad
1364 1597 1678 1682 oppidum
1722 1595 1933 1660 Arvas
1988 1596 2304 1677 pervenit.
2395 1592 2522 1657 Hic
2575 1594 2637 1657 ei

284 1686 590 1753 Craterus
635 1692 703 1753 et
746 1687 1056 1772 Erigyius
1103 1690 1472 1751 occurrunt:
1516 1684 1920 1769 praefectum
1965 1682 2371 1767 Tapurorum
2418 1682 2636 1767 gentis

284 1775 676 1841 Phradatem
723 1776 1139 1841 adduxerant.
1229 1774 1357 1839 Hic
1405 1795 1658 1859 quoque
1703 1773 1775 1837 in
1818 1772 2013 1837 fidem
2060 1774 2356 1856 receptus
2405 1770 2634 1835 multis
2672 1782 2746 1831 24.

288 1864 583 1948 exemplo
642 1864 771 1930 fuit
836 1862 1201 1947 experiendi
1265 1863 1682 1927 clementiam
1736 1860 1929 1945 regis.

284 2105 358 2115 -
392 2079 682 2129 naturae
726 2089 902 2129 suae.
984 2073 1112 2142 Vgl.
1161 2078 1211 2128 9.
1250 2078 1298 2127 9.
1340 2078 1409 2127 20

284 2162 435 2200 mare
496 2146 677 2200 reddit
738 2149 927 2199 terras.
986 2174 1052 2183 —
1110 2144 1409 2199 clausum

284 2232 491 2283 mare,
528 2213 941 2279 ‘Binnenmeer'
981 2217 1154 2279 (marre
1190 2215 1407 2269 conclu-

284 2304 421 2355 sum,
458 2288 777 2354 internum).
850 2285 1010 2339 Auch
1046 2283 1316 2339 Plutarch
1351 2302 1405 2339 u.

290 2357 491 2413 Strabo
529 2356 837 2424 berichten‚
876 2355 1004 2411 dass
1042 2355 1229 2425 einige
1267 2354 1407 2412 Geo-

284 2429 542 2500 graphen
594 2429 703 2483 den
748 2427 1053 2496 Kaspi·See
1108 2426 1199 2481 fiir
1220 2425 1407 2481 ‘einen

284 2502 432 2555 nach
459 2499 688 2555 Norden
724 2517 793 2554 zu
820 2497 939 2552 sich
970 2497 1268 2552 offnenden
1296 2498 1408 2552 Bu-

286 2587 386 2626 sen
421 2571 519 2626 des
555 2569 805 2636 sfidlich‚
852 2568 1057 2622 bstlich
1092 2568 1208 2622 und
1243 2568 1407 2624 nord-

287 2641 405 2698 lich
456 2640 654 2696 Indien
687 2711 700 2722 .
715 2638 1122 2723 umspfilendep
1178 2655 1409 2722 grossen

284 2711 624 2864 aare
642 2711 873 2862 *Jac-
891 2710 1407 2849 tarsae:

291 2853 513 2910 Niveau
536 2871 598 2907 m
625 2868 779 2908 emer
806 2850 1221 2906 fortlaufenden
1238 2851 1409 2905 Thal-

289 2923 546 2995 senkung
581 2923 878 2994 (zwischen
906 2921 1015 2977 den
1043 2923 1154 2978 duo
1182 2923 1411 2977 brachia

287 3000 321 3060 ξ
361 2995 451 3064 16)
485 2995 632 3049 nach
668 2993 798 3048 dem
833 2993 1019 3048 Meere
1056 3011 1126 3046 zu
1161 2991 1406 3048 abfallt'.

291 3065 421 3135 Vgl.
456 3081 619 3133 rupes
654 3065 856 3120 leniore
881 3065 1109 3133 fastiyio
1138 3063 1411 3119 submissa

290 3143 340 3191 6.
372 3142 420 3192 6.
452 3141 545 3202 23;
573 3137 844 3191 submissa
871 3135 1103 3205 fastigio
1122 3134 1408 3203 planities,

289 3207 409 3262 Liv.
458 3212 541 3261 2⁷.
595 3211 677 3262 18.
727 3213 775 3261 6.
852 3204 1004 3260 Curt.
1054 3204 1174 3259 will
1220 3221 1410 3276 Sagen,

290 3277 421 3332 dass
447 3277 776 3346 Hyrkanien
806 3277 915 3331 den
940 3275 1230 3330 Eindruck
1260 3277 1411 3331 eines

288 3349 437 3403 nach
472 3349 654 3402 einem
691 3346 879 3402 offnen
914 3347 1101 3402 Meere
1146 3347 1249 3400 hin
1292 3345 1415 3401 sich

290 3418 610 3474 senkenden
644 3417 1025 3473 Kfistenlands
1061 3417 1277 3471 macho.

348 3495 449 3571 po.
484 3490 653 3544 hinc.
720 3489 846 3572 Yon
872 3495 996 3572 vyo‘?
1034 3487 1216 3544 bleibt
1241 3486 1414 3543 unbe-

286 3561 567 3711 {1232}
574 3561 949 3712 tzlughfgqldvtle
1007 3564 1087 3684 go
1104 3563 1415 3684 4nu2rss’hi-e—1·

290 3702 387 3755 bei
422 3699 499 3768 0.,
536 3702 695 3757 const
738 3702 845 3756 rmt
892 3702 993 3767 ad,
1030 3701 1121 3765 in,
1158 3716 1263 3768 per
1299 3698 1417 3753 und

296 3771 425 3826 dem
460 3771 687 3826 blossen
724 3770 1026 3826 Accusativ
1066 3773 1137 3840 (4.
1175 3777 1226 3828 3.
1265 3773 1375 3839 26).

362 3847 448 3896 21.
488 3847 913 3908 commeatus,
940 3842 1065 3896 hier
1084 3857 1145 3896 so
1165 3842 1283 3896 viel
1306 3841 1413 3896 wie

290 3913 573 3978 alimenta,
610 3913 841 3968 cibaria.
915 3913 1101 3968 Ueber
1126 3913 1319 3968 modus
1347 3938 1415 3958 π-

292 3983 392 4053 vie,
420 3985 580 4052 copia
612 4002 653 4038 s.
683 3988 733 4038 5.
765 3990 812 4038 6.
843 3989 893 4038 3.
951 3983 1137 4039 Ueber
1164 3983 1274 4038 den
1303 3983 1415 4039 dat.

293 4069 408 4122 ger.
446 4054 541 4109 bei
574 4056 709 4109 uber
743 4071 784 4110 s.
822 4055 968 4109 Einl.
1006 4059 1037 4120 ξ
1076 4060 1145 4109 28
1186 4072 1241 4122 e3
1282 4055 1418 4110 ahu-

296 4123 439 4247 fficlln
476 4131 653 4180 terrae
688 4127 764 4180 ad
791 4126 1067 4196 pabulum
1092 4127 1299 4194 fertiles
1325 4124 1420 4180 bei

358 4209 465 4318 ἒξ..
536 4266 881 4336 frequem,
966 4267 1017 4322 d.
1074 4267 1109 4321 i.
1175 4265 1419 4338 haufig

405 4363 603 4416 Voenn,
628 4364 682 4415 Q.
710 4364 911 4406 Curtius.
938 4365 1004 4407 11.

1516 2072 1688 2140 (dort)
1709 2069 2221 2136 vorkommend3
2250 2068 2364 2137 vgl.
2384 2068 2641 2137 frequens

1514 2139 2410 2281 &Zffi’ffiiffleffii'gssnfffff
2447 2138 2642 2264 {¹¹¹1}

1514 2284 1590 2339 Es
1635 2300 1751 2337 war
1797 2282 1980 2337 dieser
2014 2284 2197 2337 Baum
2231 2280 2385 2336 wohl
2420 2280 2512 2335 die
2549 2297 2641 2335 so-

1512 2356 1795 2426 genannte
1847 2352 2348 2423 MannafEsche
2401 2351 2642 2419 (Fraxi-

1512 2442 1622 2482 nus
1662 2425 1885 2494 ornus).
1959 2425 2180 2480 Neuere
2217 2423 2493 2479 Reisende
2543 2423 2641 2478 be·

1516 2497 1787 2566 statigen,
1842 2497 1972 2551 dass
2016 2495 2077 2550 in
2116 2495 2290 2565 jenen
2335 2493 2643 2564 Gregenden

1514 2567 1629 2622 viel
1645 2565 1856 2623 Manna
1873 2583 2184 2638 gewonnen
2213 2565 2368 2631 wird,
2395 2565 2641 2620 welches

1514 2639 1663 2694 nach
1716 2637 1816 2692 der
1858 2639 2113 2706 Aussage
2161 2637 2260 2691 der
2305 2634 2644 2690 Einwohner

1515 2724 1617 2764 vor
1626 2707 2103 2776 Sonnenaufgang
2109 2723 2223 2761 von
2233 2706 2413 2760 einem
2425 2704 2642 2760 Baume

1515 2779 1791 2834 mittlerer
1810 2777 2010 2833 Gr6sse
2029 2776 2466 2846 ausgeschwitzt
2481 2775 2642 2830 wird.

1519 2880 1587 2890 —
1633 2849 2072 2918 extinguitur
2104 2873 2176 2892 ==
2215 2847 2428 2901 arescit.
2510 2845 2644 2900 Die-

1517 2921 1672 2976 selbe
1715 2920 1906 2974 kfihne
1951 2919 2248 2988 Metapher
2289 2917 2394 2971 hat
2439 2915 2560 2971 Liv.
2590 2921 2641 2972 5.

1517 2998 1604 3047 16.
1625 2998 1676 3060 9,
1703 2989 2010 3060 allerdings
2037 3007 2144 3045 nur
2170 2987 2232 3042 in
2251 2987 2382 3042 dem
2402 2985 2644 3042 Context

1518 3063 1671 3117 eines
1737 3060 2108 3130 delphischen
2171 3056 2646 3128 OrakelspruchSt

1518 3150 1719 3258 “³33⁹'‘
1729 3131 2278 3271 ἕῗῗέῗέῗέιίῧῖῗ.
2292 3129 2646 3256 “1322th-

1663 3247 1678 3260 ·
2285 3242 2303 3268 ,ο

1518 3275 1644 3330 rian
1663 3273 1866 3344 Satrap
1891 3291 2004 3329 von
2022 3273 2350 3342 Hyrkanien
2374 3271 2490 3326 und
2507 3270 2647 3326 Par-

1518 3345 1710 3400 thiene
1755 3346 1827 3414 (3.
1875 3351 1960 3400 23.
2008 3347 2082 3414 4).
2155 3344 2341 3399 Ueber
2391 3351 2548 3412 seque
2593 3347 2646 3398 et

1520 3435 1563 3471 s.
1611 3417 1758 3471 Einl.
1803 3421 1835 3482 ξ
1871 3421 1941 3471 46
1981 3431 2031 3470 a.
2081 3446 2147 3456 —
2195 3430 2324 3483 ece,
2374 3415 2489 3484 qui
2535 3415 2646 3469 etc.

1522 3488 1602 3542 Zu
1621 3491 1894 3558 erganzen
1910 3486 1987 3541 ist
2003 3502 2062 3541 eo
2078 3487 2215 3541 oder
2226 3487 2376 3540 illue.
2425 3485 2478 3538 S.
2494 3483 2640 3538 Einl.

1519 3563 1552 3624 ξ
1572 3563 1638 3612 52
1657 3575 1708 3614 a.
1737 3589 1803 3598 —
1828 3557 2073 3624 Arvas,
2099 3557 2426 3613 verderbter
2443 3555 2643 3609 Name.

1522 3629 1672 3684 Curt.
1711 3628 1928 3684 schrieb
1963 3627 2433 3683 wahrscheinlich
2471 3624 2646 3679 Carta

1521 3698 1728 3768 (Strab.
1778 3716 1830 3768 p.
1880 3704 1983 3754 508
2023 3697 2130 3768 0.),
2181 3713 2382 3754 wovon
2427 3691 2649 3764 Ζαδρά-

1520 3790 1704 3838 καρτα
1742 3773 1882 3836 (Arr.
1921 3776 1970 3824 3.
2010 3776 2094 3824 23.
2136 3769 2190 3836 6)
2226 3786 2334 3822 nur
2361 3766 2453 3821 ein
2482 3763 2647 3820 Gom·-

1521 3841 1768 3912 positum
1815 3859 1882 3895 zu
1928 3839 2048 3894 sein
2093 3839 2325 3894 echeint.
2406 3836 2480 3890 Es
2530 3851 2648 3890 war

1523 3911 1643 3967 dies
1673 3911 1764 3967 die
1786 3911 2138 3982 Hauptstadt
2162 3926 2274 3964 von
2301 3905 2646 3976 Hyrkanien.

1599 3989 1684 4039 24.
1734 3983 2132 4038 Phradatem,
2167 4005 2236 4026 =
2275 3973 2648 4047 Αὖτοφραὸά-
2753 3983 2764 3992 ·

1524 4074 1646 4122 την,
1674 4053 1797 4111 Arr.
1819 4060 1869 4109 3.
1891 4060 1976 4110 23.
1999 4059 2055 4121 ’ἴς
2084 4051 2226 4121 Nep.
2250 4056 2333 4104 14.
2357 4055 2406 4102 2.
2434 4055 2492 4115 13
2528 4047 2647 4116 vgl.

1526 4131 1556 4191 §
1585 4131 1652 4180 25
1693 4125 1768 4180 M
1775 4125 2021 4194 inapin
2049 4148 2122 4204 =.
2141 4115 2481 4200 Ἀμμινᾴπην
2519 4117 2653 4200 (mit

1523 4197 1951 4324 {gil-..gegetgeng-
1986 4195 2167 4250 semit.
2223 4189 2444 4246 Art1kel
2455 4189 2502 4259 ?)
2555 4190 2656 4244 ber

2188 4359 2221 4406 2

2031 1858 2350 1943 Satrapen
2405 1858 2635 1924 deinde
2673 1878 2746 1929 25
