3069 4749
273 2266 341 2315 10

373 128 500 194 140

1273 132 1337 195 Q.
1377 132 1597 183 OURTI
1630 132 1805 183 RUFI

369 294 436 356 et
481 290 840 357 Peucesten
882 291 1304 357 Macedonem
1351 296 1664 378 quattuor
1706 290 1971 358 milibus
2016 292 2304 358 militum
2364 294 2434 359 in
2477 296 2723 379 praesi-

369 380 547 444 dium
603 381 890 463 regionis
954 382 1094 446 eius
1148 382 1349 447 datis:
1413 382 1701 447 claustra
1762 380 1901 446 Nili
1963 377 2249 447 flumitfls
2304 382 2723 449 Polemonem

297 492 330 543 5
367 468 539 533 tueri
583 469 793 554 iubet,
839 488 982 535 xxx
1029 469 1112 535 ad
1157 471 1284 537 hoc
1327 470 1625 536 triremes
1670 470 1878 536 datae.
1955 470 2217 535 Africae
2263 470 2512 555 deinde,
2555 494 2723 557 quae

369 557 675 643 Aegypto
723 558 950 625 iuncta
993 564 1127 643 est,
1171 560 1585 645 praepositus
1628 558 2039 645 Apolloniae,
2083 560 2514 647 vectigalibus
2562 562 2725 627 eius·

369 646 516 711 dem
553 645 820 712 Africae
856 648 1270 733 Aegyptique
1307 647 1703 715 Cleomenes,
1766 646 1869 715 Ex
1905 648 2201 714 finitimis
2239 647 2512 714 urbibus
2548 672 2725 715 com-

363 736 657 837 migrare
701 736 1180 804 Alexandream
1225 737 1422 805 iussis
1467 760 1705 805 novam
1750 738 1977 840 urbem
2023 759 2267 841 magna
2310 738 2725 805 multitudine

299 848 334 899 ⁶
370 824 2599 1001 ffissssizffissmsso3{afuttsszaz'ssl'ftfflngsgzfflssffissg
2650 831 2727 981 ἓῖἑ

371 1002 637 1085 polenta
692 1024 833 1067 esse
887 1006 1142 1087 pastas:
1199 1026 1474 1091 cumque
1525 1004 1595 1069 id
1650 1024 1841 1068 omen
1885 1025 2005 1087 pro
2072 1004 2251 1069 tristi
2305 1028 2345 1070 a
2398 1004 2727 1090 plerisque

374 1093 548 1154 esset
593 1096 955 1176 acceptum,
1008 1094 1420 1177 respondisse
1475 1098 1692 1176 vateS‚
1748 1113 2059 1178 magnam
2114 1093 2295 1158 illam
2339 1095 2570 1158 urbem
2618 1094 2725 1158 ad-

371 1200 681 1244 venarum
729 1180 1161 1265 frequentiam
1207 1183 1528 1248 culturam
1574 1181 1923 1265 multisque
1978 1204 2142 1247 eam.
2176 1182 2369 1247 terris
2414 1182 2728 1247 alimenta

370 1268 835 1353 praebituram.

553 1356 822 1442 Regem,
841 1378 996 1434 ¹cum
1027 1360 1309 1425 secundo
1341 1357 1521 1425 amni
1540 1358 1866 1437 deflueret,
1895 1359 2162 1445 adsequi
2180 1360 2447 1445 cupiens
2464 1358 2728 1444 Hector,
2747 1359 2840 1426 34

372 1444 824 1511 Parmenionis
878 1447 1084 1526 filius,
1143 1448 1378 1516 eximio
1441 1447 1677 1513 aetatis
1722 1446 1907 1527 flore,
1961 1448 2032 1513 in
2084 1449 2310 1533 paucis
2355 1447 2728 1513 Alexandro

375 1557 582 1619 carus,
627 1558 902 1619 parvum
937 1536 1272 1622 navigium
1314 1535 1691 1603 conscendit
1726 1535 2046 1620 pluribus,
2081 1558 2277 1621 quam
2316 1558 2544 1621 capere
2580 1557 2730 1620 pos-

305 1648 338 1697 8
378 1626 502 1703 set,
565 1624 884 1708 inpositis.
976 1623 1206 1711 Itaque
1260 1648 1478 1692 mersa
1532 1624 1723 1691 navis
1778 1646 2005 1691 omnes
2066 1624 2377 1691 destituit.
2466 1624 2731 1710 Hector,

377 1712 488 1776 diu
532 1712 784 1780 flumini
831 1714 1230 1798 obluctatus,
1275 1736 1422 1780 cum
1469 1714 1738 1779 madens
1774 1715 1976 1779 vestis
2016 1717 2082 1779 et
2118 1714 2415 1779 adstricti
2453 1712 2730 1798 crepidis

373 1801 570 1885 pedes
608 1806 840 1867 natare
876 1803 1319 1888 prohiberent,
1353 1804 1422 1867 in
1459 1802 1671 1888 ripam
1709 1804 1934 1868 tamen
1969 1803 2366 1869 semianimis
2404 1802 2611 1866 evasit
2648 1804 2733 1886 et,

375 1893 448 1954 ut
483 1890 764 1974 primum
801 1890 1120 1976 fatigatus
1159 1894 1462 1979 spiritum
1498 1890 1765 1969 laxavit,
1802 1912 1993 1977 quem
2030 1894 2241 1957 metus
2281 1894 2349 1955 et
2375 1890 2731 1975 periculum

375 1978 771 2058 intenderat,
825 1980 1006 2047 nullo
1066 1982 1414 2047 adiuvante
1465 2016 1543 2027 -—
1595 1979 1833 2064 quippe
1886 1980 1959 2044 in
2012 1980 2340 2046 diversum
2392 1982 2736 2045 evaserant

305 2090 338 2140 9
379 2067 492 2131 alii
545 2104 622 2115 -
673 2068 1079 2135 exanimatus
1127 2074 1246 2137 est.
1317 2068 1569 2135 Amissi
1615 2068 1751 2132 eius
1798 2068 2117 2134 desiderio
2164 2068 2581 2133 vehementer
2624 2067 2733 2132 ad-

376 2154 592 2221 flictus
640 2159 741 2221 est
785 2162 1244 2243 repertumque
1292 2180 1524 2243 corpus
1570 2156 1918 2241 magnifico
1966 2158 2201 2222 extulit
2243 2157 2484 2223 funere.

559 2243 872 2310 Oneravit
907 2248 1085 2312 hunc
1125 2248 1416 2313 dolorem
1451 2244 1717 2311 nuntius
1758 2246 1987 2311 mortis
2026 2245 2495 2329 Andromachi,
2542 2265 2735 2329 quem

375 2332 777 2417 praefecerat
831 2333 1086 2423 Syriae:
1151 2336 1374 2404 vivum
1432 2333 1793 2400 Samaritae
1848 2338 2311 2402 cremaverant.
2402 2332 2508 2400 Ad
2554 2332 2733 2399 cuius

379 2422 716 2488 interitum
761 2424 1223 2492 vindicandum
1239 2475 1258 2508 ,
1303 2427 1551 2510 quanta
1596 2423 1876 2488 maxime
1922 2425 2256 2490 celeritate
2302 2423 2550 2508 potuit,
2596 2444 2737 2487 con-

274 2533 341 2583 11
378 2509 607 2596 tendit,
642 2512 1134 2600 advenientique
1175 2517 1328 2580 sunt
1361 2513 1591 2577 traditi
1626 2512 1798 2576 tanti
1834 2513 2095 2578 sceleris
2125 2515 2438 2579 auctores.
2484 2509 2736 2576 Andro·

379 2599 610 2664 macho
639 2601 868 2670 deinde
895 2603 1182 2696 Menona
1211 2601 1554 2668 substituit
1590 2599 1990 2685 adfectisque
2028 2601 2365 2687 supplici0,
2402 2601 2513 2684 qui
2550 2619 2735 2686 prae-

451 2815 502 2865 5.
565 2810 804 2866 iuncta
847 2812 892 2880 f.
937 2814 1204 2882 finitima,
1249 2813 1399 2882 poet.
1446 2830 1501 2866 u.

378 2879 496 2936 nkl.
513 2923 527 2948 ,
583 2881 920 2938 wiederholt
972 2883 1069 2939 bei
1125 2883 1185 2938 C.
1240 2883 1502 2939 vorkom-

378 2952 565 3006 mend.
605 2968 679 2992 —·
710 2955 1186 3024 vectiyalibws.
1243 2953 1506 3010 Gemeint

379 3021 508 3076 sind
555 3022 646 3077 die
691 3024 1217 3097 nomadisierendpn
1262 3024 1502 3079 Araber-

379 3094 616 3148 stamme
661 3094 740 3149 im
788 3095 1070 3151 &stlichen
1114 3095 1404 3166 Agypten‚
1457 3112 1501 3151 s.

377 3163 500 3220 Arr.
532 3171 584 3220 3.
613 3168 664 3219 5.
694 3196 762 3206 -
799 3159 1015 3222 iuss'is
1050 3166 1159 3221 mit
1185 3182 1252 3220 zu
1281 3171 1501 3237 erganz.

381 3232 623 3302 Subjekt
655 3237 987 3307 hominibus,
1026 3255 1066 3292 s.
1107 3238 1170 3292 E.
1212 3242 1333 3292 128.

453 3310 502 3361 6.
542 3307 758 3362 orbem
794 3307 901 3362 wie
939 3309 1206 3363 ambitum
1241 3313 1272 3373 ξ
1309 3313 1360 3362 2.
1431 3307 1505 3363 So

378 3373 502 3429 Liv.
549 3382 636 3432 34.
685 3383 735 3432 9.
785 3384 818 3432 2
866 3380 1014 3434 orbis
1057 3380 1222 3434 muri.
1262 3408 1330 3418 -
1375 3393 1508 3433 mos

381 3451 494 3501 est.
537 3447 698 3501 Nach
729 3447 932 3504 Arrian
968 3449 1217 3519 geschah
1255 3447 1376 3504 dies
1401 3466 1508 3503 nur

382 3517 442 3570 in
461 3516 883 3589 Ermangelung
900 3520 1000 3574 der
1019 3519 1286 3575 fiblichen
1299 3520 1508 3575 Kreide

298 3635 306 3642 .
382 3591 906 3662 (cremon-mayn.
944 3592 1398 3662 frequentiam
1433 3591 1511 3645 ist

385 3658 639 3728 subjekt.
715 3661 774 3716 C.
824 3660 1028 3717 dachte
1081 3662 1249 3718 dabei
1294 3680 1368 3717 an
1415 3660 1508 3717 die

386 3733 608 3800 spatere
661 3729 998 3803 Bedeutung
1053 3733 1153 3789 der
1199 3733 1367 3789 Stadt
1419 3733 1508 3786 als

385 3801 715 3857 Studienort
749 3803 864 3858 und
895 3804 1248 3874 Stapelplatz
1285 3803 1506 3874 agypti·

385 3873 558 3927 schen
595 3872 906 3929 Getrcides.

459 3950 507 3999 7.
537 3945 870 4012 deflueret
895 3944 988 4000 ffir
1013 3947 1371 4010 deveneram,
1401 3951 1506 4000 s.9.

385 4020 436 4069 3.
475 4019 568 4083 243
607 4015 723 4070 Ver
765 4057 777 4070 .
819 4007 1020 4086 Georg.
1070 4024 1119 4072 3.
1159 4021 1281 4070 447.
1347 4015 1509 4069 Nach

380 4082 506 4140 Arr.
537 4104 640 4156 zog
666 4035 826 4142 Affex.
857 4104 968 4142 von
997 4086 1278 4155 Memphis
1308 4103 1410 4141 aus
1439 4104 1510 4140 zu

380 4153 570 4211 Laude
607 4159 754 4212 nach
791 4157 1118 4212 Phonicien.
1159 4187 1224 4198 —
1265 4157 1510 4212 eximio

381 4226 583 4293 flore3
625 4228 690 4281 in
733 4228 989 4296 gleicher
1031 4225 1224 4282 Weise
1268 4228 1511 4282 braucht

386 4292 611 4350 Curtius
651 4299 796 4353 auch
830 4301 932 4368 flos
967 4301 1246 4376 iumentae,
1287 4299 1509 4368 primus

1610 2811 1712 2878 flos
1758 2810 1957 2866 aetatis
2002 2811 2085 2866 als
2132 2809 2599 2880 Bezeichnungen
2634 2808 2737 2862 der

1610 2879 1995 2950 Eigenschaft.
2016 2912 2084 2922 -—
2104 2883 2179 2936 in
2204 2881 2478 2952 paucis,
2506 2898 2550 2935 s.
2570 2879 2735 2936 ΕΑΘ.

1683 2957 1733 3006 8.
1790 2953 2137 3020 destituit,
2187 2951 2336 3008 ‘liess
2372 2952 2451 3005 im
2490 2950 2733 3016 Stiche’3

1612 3022 1934 3078 ubersetzee
2017 3021 2465 3082 verschwand
2536 3023 2737 3075 unter

1610 3093 1811 3148 ihren
1855 3092 2119 3148 Fussen.
2158 3125 2224 3134 —
2275 3099 2519 3161 tamen,
2568 3092 2735 3146 ‘den-

1611 3163 1783 3232 noch‚
1824 3163 1962 3219 aber
1996 3181 2103 3218 nur
2136 3164 2246 3219 mit
2281 3164 2499 3234 grosser
2534 3163 2732 3230 Mfih03

1615 3233 1792 3290 daher
1836 3240 1888 3288 et
1931 3235 2010 3289 im
2047 3235 2205 3304 Folg.
2242 3234 2402 3290 nicht
2442 3232 2733 3304 anstol'sig.

1612 3335 1686 3347 —
1723 3307 2016 3374 laxavit,
2055 3305 2279 3360 ‘sinken
2313 3305 2485 3360 liess'.

1688 3383 1737 3434 9.
1794 3382 2277 3447 repertumque.
2314 3373 2621 3431 Vielleicht
2657 3373 2737 3429 ist

1614 3449 1819 3504 vorher
1853 3464 1953 3504 rex
1989 3448 2366 3518 ausgefallen‚
2404 3447 2552 3500 doch
2588 3463 2630 3500 s.
2668 3444 2735 3500 E.

1619 3523 1739 3574 164.
1787 3549 1856 3559 —
1901 3521 2213 3574 oneravit
2255 3519 2349 3572 ffir
2392 3518 2581 3584 auxit,
2626 3516 2736 3571 wie

1616 3606 1845 3672 operare
1877 3591 2169 3656 mimam,
2204 3590 2477 3644 invidiam
2512 3587 2607 3642 bei
2640 3587 2734 3641 Li-

1616 3678 1756 3716 vnis

1690 3737 1775 3786 10.
1848 3731 2333 3798 Andromachi,
2380 3748 2421 3785 s.
2471 3735 2519 3786 5.
2569 3734 2619 3784 9.
2668 3759 2737 3769 —-

1615 3802 1915 3856 maxime.
2007 3801 2271 3856 Dieselbe
2326 3798 2738 3855 Konstruktion

1615 3871 1720 3927 hat
1764 3871 1909 3926 auch
1955 3872 2078 3928 Liv.
2116 3872 2433 3939 bisweilen3
2480 3869 2739 3926 fiblicher

1617 3943 1695 3998 ist
1739 3948 1983 4013 quantus
2026 3946 2316 3998 maximae.
2356 3973 2425 3982 -·
2470 3947 2737 4000 conten-

1617 4015 1747 4080 dit,
1781 4014 1951 4069 nami.
1988 4015 2136 4068 nach
2174 4015 2386 4083 Syrien.

1690 4091 1775 4139 11.
1798 4086 2107 4140 Menona.
2145 4083 2307 4139 Nach
2325 4083 2530 4138 Arrian
2548 4082 2738 4138 wurde

1616 4157 1847 4224 Menon,
1897 4155 2048 4211 Sohn
2084 4152 2183 4210 des
2221 4155 2590 4220 Cerffimmas,
2637 4171 2739 4206 un-

1616 4226 1908 4282 mittelbar
1961 4228 2107 4280 nach
2162 4226 2263 4280 der
2312 4224 2579 4280 Schlacht
2623 4239 2739 4277 von

1617 4297 1769 4353 Issus
1797 4315 1921 4351 zum
1960 4297 2236 4365 Satrapen
2262 4313 2373 4352 von
2413 4294 2739 4364 Colesyrien
