3069 4749
876 122 1389 179 msroRIARUM
1426 123 1856 179 ALEXANDRI
1893 123 1961 191 x,
1999 131 2048 179 5.
2515 124 2642 191 231

296 288 687 375 rumpendas
736 286 1095 353 cicatrices:
1150 307 1361 371 senes,
1418 285 1692 368 debiles,
1747 286 1939 351 modo
1988 287 2195 371 petita
2249 286 2557 352 missione
2602 308 2646 353 a
2688 297 2756 348 14

298 378 468 443 iusto
515 397 669 463 rege
680 426 699 459 ‚
742 397 913 441 nunc
961 374 1305 453 morituros
1352 395 1469 458 pro
1514 373 1814 458 potentia
1857 373 2138 441 forsitan
2185 375 2490 441 satellitis
2527 375 2648 441 ali·

297 467 475 533 cuius
530 464 863 551 ignobilis.
952 462 1091 529 Has
1149 462 1582 549 cogitationes
1636 462 2050 528 volventibus
2097 485 2230 531 nox
2275 464 2647 548 supervenit
2688 474 2754 525 15

294 557 737 639 terroremque
810 553 1005 619 auxit.
1104 550 1349 616 Milites
1424 551 1493 616 in
1563 551 1762 617 armis
1835 551 2224 637 vigilabant:
2298 552 2650 635 Babylonii

297 642 466 708 alius
514 664 548 708 e
595 642 826 726 muris,
883 641 1049 706 alius
1107 640 1387 705 culmine
1443 639 1546 705 sui
1601 640 1873 725 quisque
1932 640 2092 706 tecti
2135 640 2647 726 prospectabant

298 732 503 814 quasi
538 730 819 796 certiora
872 728 1091 795 visuri.
1190 726 1330 794 Nec
1385 727 1730 813 quisquam
1783 728 2032 795 lumina
2087 729 2370 795 audebat
2423 750 2645 796 accen·
2688 739 2754 791 16

297 819 463 885 dere.
534 818 625 885 Et
670 819 823 904 quia
858 818 1196 883 oculorum
1234 817 1536 882 cessabat
1570 838 1745 895 usus,
1790 816 2090 883 fremitus
2126 838 2444 902 vocesque
2481 819 2648 883 auri-

296 908 421 973 bus
476 908 828 992 captabant
882 928 957 971 ac
1009 906 1391 990 plerumque
1447 926 1615 971 vano
1671 908 1848 970 metu
1903 905 2118 971 territi
2171 928 2288 991 per
2335 906 2646 971 obscuras

298 995 591 1079 semitas,
656 994 823 1059 alius
886 994 1003 1059 alii
1061 996 1503 1078 occursantes,
1564 993 1840 1058 invicem
1904 996 2194 1079 suspecti
2247 1016 2323 1061 ac
2378 994 2646 1059 solliciti

291 1082 687 1149 ferebantur.
773 1082 1011 1149 Persae
1061 1083 1263 1147 comis
1312 1103 1429 1147 suo
1479 1103 1658 1147 more
1704 1081 1992 1147 detonsis
2039 1083 2113 1147 in
2157 1082 2420 1167 lugubri
2465 1086 2644 1147 veste
2687 1095 2748 1143 17

291 1194 441 1237 cum
498 1172 881 1257 coniugibus
936 1192 1013 1235 ac
1066 1170 1289 1235 liberis
1343 1191 1475 1235 non
1528 1172 1604 1234 ut
1659 1170 1972 1236 victorem
2018 1174 2085 1236 et
2129 1170 2322 1236 modo
2368 1170 2645 1255 hostem,

294 1259 409 1324 sed
452 1263 527 1324 ut
571 1261 785 1346 gentis
834 1280 989 1325 suae
1034 1258 1467 1325 iustissimum
1511 1279 1734 1344 regem
1769 1280 1922 1325 vero
1961 1259 2278 1325 desiderio
2315 1258 2645 1345 lugebant.

292 1347 573 1414 Adsueti
616 1349 737 1414 sub
776 1368 927 1434 rege
966 1348 1181 1413 vivere
1218 1369 1353 1411 non
1388 1347 1618 1431 alium,
1665 1348 1777 1431 qui
1812 1348 2166 1433 imperaret
2199 1347 2362 1432 ipsis
2371 1398 2390 1431 ‚
2435 1348 2646 1433 digni-

180 1440 261 1506 17
287 1458 467 1503 orem
532 1436 735 1501 fuisse
800 1436 1292 1501 confitebantur.
1390 1432 1457 1499 N
1459 1456 1532 1500 ec
1591 1436 1793 1500 muris
1849 1436 2032 1501 urbis
2086 1437 2298 1503 luctus
2355 1436 2645 1502 contine·
2689 1447 2751 1497 18

283 1526 512 1608 batur,
560 1524 674 1589 sed
717 1524 1081 1608 proximam
1127 1522 1460 1607 regionem
1506 1524 1591 1588 ab
1629 1544 1734 1609 ea,
1778 1524 2007 1589 deinde
2045 1544 2354 1607 magnam
2389 1528 2645 1608 partem

284 1612 489 1677 Asiae
534 1612 628 1677 cis
672 1610 1063 1697 Euphraten
1108 1611 1268 1677 mali
1312 1611 1489 1676 fama
1532 1615 1930 1695 pervaserat.
2005 1611 2110 1677 Ad
2154 1611 2352 1678 Darei
2388 1634 2642 1697 quoque
2684 1626 2748 1673 19

285 1703 569 1765 matrem
633 1701 929 1765 celeriter
990 1700 1246 1784 perlata
1302 1704 1423 1766 est.
1522 1699 1840 1765 Abscissa
1893 1722 2047 1787 ergo
2107 1704 2308 1785 veste,
2365 1723 2494 1786 qua
2547 1702 2644 1767 in-

282 1789 449 1855 duta
489 1793 658 1873 erat,
702 1789 1044 1873 lugubrem
1084 1789 1363 1873 sumpsit
1399 1786 1826 1872 laceratique
1863 1789 2154 1855 crinibus
2191 1788 2376 1854 humi
2411 1810 2642 1873 corpus

288 1876 547 1942 abiecit.
634 1876 997 1943 Adsidebat
1055 1877 1117 1942 ei
1171 1877 1382 1943 altera
1426 1898 1504 1941 ex
1553 1878 1860 1963 neptibus
1905 1898 2111 1961 nuper
2159 1878 2469 1943 amissum
2513 1876 2643 1944 He·
2681 1890 2749 1939 2ο

286 1965 769 2051 phaestionem‚
824 1966 927 2030 cui
972 1969 1310 2049 nupserat,
1365 1965 1598 2051 lugens
1644 1966 2072 2051 propriasque
2120 1988 2348 2031 causas
2397 1965 2643 2032 doloris

280 2054 355 2117 in
402 2054 729 2119 communi
772 2054 1105 2119 maestitia
1126 2053 1566 2141 ‚retractabat
1649 2052 1774 2121 Sed
1820 2054 2108 2119 omnium
2155 2075 2418 2119 suorum
2465 2055 2641 2119 mala
2677 2067 2744 2115 21

278 2138 673 2228 Sisigambis
729 2164 860 2206 una
914 2142 1229 2227 capiebat.
1319 2140 1447 2207 Illa
1503 2164 1716 2226 suam,
1770 2142 1889 2207 illa
1939 2143 2234 2227 neptium
2283 2143 2489 2209 vicem
2535 2143 2643 2208 fle-

279 2370 533 2426 Deutsch
592 2368 769 2426 lieber
812 2369 1063 2424 neutral:
1118 2367 1210 2424 die
1257 2369 1413 2425 alten
1522 2368 1932 2427 unterbrochen
1950 2388 2082 2425 war.
2124 2369 2406 2426 Aehnlich
2423 2370 2642 2438 auferre
2761 2397 2786 2422 0

281 2441 512 2497 Narben
548 2440 777 2496 witi-den
805 2441 1012 2496 wieder
1046 2440 1409 2496 aufbrechen.
1519 2441 1803 2496 oculorum
1836 2457 1998 2496 usum
2031 2447 2080 2495 9.
2111 2447 2160 2499 9.
2193 2448 2284 2508 143
2321 2444 2643 2512 intercipere

356 2518 441 2565 14.
510 2513 762 2567 debiles
838 2511 1410 2582 ‘dienstuntiichtig’‚
1518 2527 1602 2568 us.
1633 2513 1856 2588 (³QO
1883 2516 1935 2568 4.
1967 2518 2050 2566 13.
2079 2518 2174 2578 383
2209 2529 2326 2568 non
2359 2519 2642 2582 supererat

280 2581 405 2636 also
450 2581 611 2635 nicht
654 2581 987 2651 fiberflfissig
1022 2581 1207 2638 neben
1241 2598 1407 2639 senes.
1517 2583 1744 2638 auriam
1789 2597 1926 2638 usus
1972 2589 2022 2636 5.
2069 2589 2120 2637 4.
2169 2589 2253 2638 25.
2293 2613 2361 2626 -—
2409 2589 2642 2653 capta-

285 2681 355 2692 ·-
382 2652 688 2715 forsitan
724 2653 927 2720 gehfirt
952 2669 1021 2705 zu
1048 2652 1159 2706 den
1189 2652 1409 2722 folgen-
1517 2653 1700 2708 bant.
1774 2653 1903 2722 Vgl.
1949 2653 2050 2708 das
2095 2653 2450 2710 Livianische
2491 2656 2640 2710 soni·

280 2721 395 2776 den
422 2721 659 2776 Worten
672 2764 689 2788 ,
723 2721 823 2775 auf
851 2720 1032 2776 denen
1061 2722 1162 2775 der
1186 2722 1407 2792 Haupt·
1517 2728 1636 2778 tum
1662 2739 1798 2777 aiore
1823 2729 2061 2792 captare.
2077 2755 2146 2766 --
2161 2724 2241 2780 Se
2252 2726 2416 2781 mita
2441 2725 2521 2780 ist
2537 2730 2576 2781 t.
2597 2729 2638 2783 t.

280 2790 611 2846 nachdruck
647 2792 804 2861 liegt.
1514 2792 1608 2847 ffir
1645 2793 1737 2847 die
1776 2794 2051 2850 erhohten
2087 2795 2384 2866 Fusswege
2421 2813 2495 2851 an
2531 2797 2640 2852 den

358 2867 441 2918 15.
506 2863 841 2918 volventis
905 2861 1011 2916 wie
1075 2866 1125 2916 8.
1191 2869 1238 2917 ’1.
1332 2861 1404 2918 So
1512 2863 2639 2935 Hauserreihenffrottoirs.-suspecti

281 2933 570 2988 brauchen
595 2934 804 2988 volvere
821 2932 937 2986 und
964 2933 1211 2988 volutare
1231 2933 1406 2989 sehon
1513 2951 1591 2989 ac
1625 2936 1923 2992 solliciti
1958 2935 2011 2992 d.
2044 2937 2080 2993 i.
2118 2936 2330 2992 Furcht
2365 2938 2637 3008 erregend

278 3001 420 3058 Sall.
460 3021 514 3058 u.
543 3003 752 3058 Livius.
782 3033 847 3042 —-
882 3003 1064 3058 alius
1098 3019 1127 3060 e
1161 3005 1405 3073 muris,
1512 3005 1628 3060 und
1664 3006 2034 3074 empfindend.
2108 3008 2234 3077 Vgl.
2280 3008 2514 3074 infestus
2549 3010 2634 3066 in-

274 3075 471 3129 alius
506 3075 812 3128 culmine.
874 3073 987 3128 Der
1012 3075 1405 3144 gewohnliche
1512 3077 1765 3146 visusque
1806 3083 1851 3131 7.
1892 3083 1944 3132 6.

280 3144 789 3215 Sprachgebrauch
825 3145 1084 3215 verlangt
1121 3146 1213 3200 die
1250 3146 1404 3201 Wie·
1588 3153 1670 3204 17.
1708 3149 1782 3202 in
1818 3149 1946 3219 luy.
1985 3154 2172 3204 veste.
2239 3148 2294 3204 S.
2307 3148 2468 3208 Einl.
2506 3154 2537 3216 ξ
2566 3155 2635 3206 20

276 3216 597 3286 derholung
670 3213 769 3271 der
829 3215 1186 3285 Praposition
1252 3217 1405 3273 beim
1513 3219 1680 3272 unter
1715 3220 1795 3272 in.

270 3286 657 3358 disjunktiven
702 3286 1080 3352 Verbaltniss3
1128 3287 1274 3342 doch
1320 3305 1403 3342 er·
1588 3294 1670 3344 18.
1705 3289 2084 3358 proximam
2130 3306 2256 3360 req.
2293 3292 2372 3347 ab
2418 3308 2491 3346 ea
2527 3292 2633 3348 wie

274 3357 486 3413 lauben
540 3358 662 3413 sich
716 3357 808 3412 die
857 3357 1291 3414 Nachclassiker
1343 3358 1405 3414 in
1514 3365 1564 3414 6.
1607 3365 1689 3413 11.
1729 3366 1797 3414 28
1836 3361 2128 3429 proximas
2163 3379 2200 3416 a
2234 3363 2392 3418 nobie
2422 3367 2632 3431 partes.

279 3429 409 3483 dem
437 3428 674 3484 Streben
703 3429 853 3484 nach
889 3428 1019 3483 dem
1045 3429 1401 3500 Ungewohn·
1586 3435 1670 3484 19.
1699 3431 1802 3486 Ad
1829 3431 2042 3486 Darei
2067 3431 2320 3501 q'uoque
2346 3437 2632 3490 matrem.

277 3496 466 3554 lichen
510 3499 669 3556 nicht
713 3500 896 3554 selten
940 3499 1402 3569 Abweichungen
1511 3499 1843 3571 Sisigambis
1869 3500 2079 3557 befand
2105 3503 2228 3558 sich
2256 3503 2631 3560 vei-muthlich

256 3583 391 3622 ‘von
426 3569 604 3624 dieser
630 3568 834 3637 Norm,
874 3569 979 3625 wie
1014 3569 1139 3624 hier
1173 3571 1289 3625 und
1324 3569 1401 3626 da
1508 3571 1726 3626 damals
1751 3572 1900 3626 noch
1935 3572 1995 3626 in
2025 3573 2182 3641 Susa,
2219 3590 2262 3627 s.
2293 3578 2342 3628 5.
2374 3580 2422 3628 2.
2457 3580 2538 3630 17.
2561 3605 2631 3616 -

278 3638 486 3694 bereits
532 3641 721 3709 Nepos
765 3642 879 3696 und
923 3640 1133 3696 Livius.
1207 3642 1397 3712 Vergl.
1508 3643 1782 3697 abiecit.
1863 3642 1992 3712 Vgl.
2039 3649 2088 3698 ὃ.
2141 3650 2222 3700 12.
2273 3647 2338 3697 18
2383 3661 2629 3714 pronum

278 3709 426 3763 oben
462 3713 513 3764 5.
554 3717 601 3764 1.
643 3717 691 3765 1.
728 3743 793 3752 ——
830 3713 1137 3767 certiora.
1206 3711 1396 3767 Jeder-
1508 3728 1709 3780 corpus
1743 3715 1808 3767 in
1842 3714 2066 3769 humum
2101 3715 2314 3770 abiecit.

277 3795 450 3834 mann
503 3785 796 3838 erwartete
856 3781 1397 3838 ausserordentliche
1579 3788 1664 3838 20.
1701 3785 1924 3839 altera
1958 3801 2034 3840 ecc
2068 3801 2192 3855 ‘nep
2202 3791 2239 3840 t.
2304 3785 2467 3841 Nach
2503 3787 2626 3842 Art.

274 3849 612 3920 Ereignisse‚
640 3851 985 3908 Vorzeichen
1002 3871 1056 3906 n.
1077 3853 1212 3922 ἀεὶ,
1248 3854 1395 3909 ohne
1503 3852 1623 3908 und
1657 3853 1868 3909 Diodor
1912 3854 2062 3909 hiess
2107 3855 2190 3910 sie
2234 3854 2516 3926 Drypetis.
2560 3889 2628 3898 -

276 3921 425 3977 doch
478 3921 649 3976 dabei
693 3940 767 3978 an
812 3926 986 3979 etwas
1030 3922 1395 3980 Bestimmtes
1496 3926 1955 3994 propriasque
1989 3941 2035 3981 c.
2072 3925 2330 3982 doloris
2366 3927 2419 3980 d.
2448 3927 2502 3983 h.
2539 3926 2629 3982 ihr

274 4011 343 4046 zu
380 3993 616 4050 denken.
1506 3994 1888 4062 personliehes
1931 3993 2094 4064 Leid,
2142 3996 2420 4066 Ungli’ick.
2496 3998 2624 4068 Vgl.

350 4070 433 4119 16.
480 4065 795 4130 audebat,
849 4065 996 4120 denn
1051 4065 1142 4121 die
1189 4066 1401 4120 Trauer
1507 4070 1560 4120 3.
1597 4071 1630 4119 3
1662 4067 1898 4135 propria
1931 4068 2222 4122 veneratio,

276 4135 475 4190 seheut
520 4135 611 4190 die
648 4134 987 4205 Helligkeit3
1033 4136 1147 4206 vgl.
1185 4144 1236 4193 8.
1274 4142 1324 4190 4.
1363 4141 1397 4190 8
1579 4141 1665 4193 21.
1702 4137 2017 4205 capiebat
2059 4136 2114 4194 d.
2150 4138 2204 4193 h.
2245 4138 2324 4192 sie
2361 4137 2520 4194 hatte
2555 4158 2625 4194 zu

276 4203 463 4271 lucem,
488 4207 749 4278 natuerale
772 4207 1053 4264 solacium.
1085 4238 1149 4248 --
1181 4222 1397 4264 cessa·
1505 4208 1772 4278 tragon.
1869 4206 2149 4264 Aehnlich
2219 4225 2409 4278 capere
2481 4209 2625 4266 oben

274 4273 419 4345 bat,
474 4275 804 4346 cigentlichz
864 4277 1176 4348 ‘pausirte’
1238 4277 1290 4334 d.
1340 4278 1393 4334 h.
1506 4281 1538 4343 ἓ
1558 4283 1608 4334 8.
1671 4276 1784 4332 Das
1819 4276 2084 4348 folgende
2107 4279 2276 4336 vicem
2309 4279 2465 4337 kann
2499 4279 2624 4353 flig-
