3069 4749
414 106 503 171 22
1316 109 1378 175 Q.
1419 107 1642 165 CURTI
1677 108 1850 165 RUFI

306 276 375 325 28
410 271 585 337 infra
638 290 853 355 genua
904 270 1252 337 deseendit.
1351 270 1582 335 Altera
1643 272 1892 357 papilla
1946 274 2194 339 intaeta
2249 277 2572 360 servatur,
2637 298 2766 360 qua

410 360 749 425 muliebris
798 381 988 425 sexus
1035 360 1277 426 liberos
1324 359 1538 425 alant:
1585 361 1878 425 aduritur
1925 362 2206 448 dextera,
2249 366 2326 427 ut
2371 386 2559 429 arous
2604 364 2763 429 faei-

304 462 371 511 29
410 450 537 513 lius
593 449 935 514 intendant
991 452 1057 513 et
1111 449 1247 513 tela
1300 448 1579 513 vibrent.
1667 447 1976 515 Interrito
2032 452 2218 517 vultu
2260 472 2479 537 regem
2529 452 2763 519 Thale-

410 538 565 603 stris
603 537 998 621 intuebatur,
1034 537 1332 602 habitum
1360 538 1495 602 eius
1524 538 2025 623 haudquaquam
2050 560 2268 605 rerum
2295 540 2509 605 famae
2536 563 2764 625 parem

408 627 613 691 oeulis
651 627 1079 710 perlustrans:
1127 628 1364 711 quippe
1404 627 1704 691 omnibus
1745 627 2039 692 barbaris
2077 629 2148 693 in
2185 649 2530 712 corporum
2568 630 2766 695 maie-

408 719 582 781 state
636 716 968 780 veneratio
1026 718 1129 779 est
1188 735 1705 799 magnorumque
1762 732 2028 799 operum
2083 738 2216 782 non
2271 718 2434 781 alios
2493 740 2761 802 capaces

405 807 667 889 putant,
722 826 918 887 quam
976 826 1136 889 quos
1194 801 1431 868 eximia
1488 804 1702 888 speeie
1763 803 2000 871 donare
2043 810 2281 871 natura
2325 806 2597 891 dignata
2643 812 2760 873 est.

300 906 367 954 30
406 893 709 959 Ceterum
753 894 1173 977 interrogata,
1220 916 1376 957 num
1424 892 1672 978 aliquid
1707 898 1931 977 petere
1967 895 2180 979 vellet,
2225 895 2398 959 haud
2437 894 2762 961 dubitavit

402 982 595 1047 fateri
643 981 725 1046 ad
772 982 1338 1048 communicandos
1383 1002 1530 1047 eum
1567 1002 1720 1067 rege
1759 980 2001 1047 liberos
2041 1006 2110 1047 se
2145 984 2430 1067 venisse,
2475 983 2758 1069 dignam,

404 1090 482 1135 ex
530 1091 657 1155 qua
700 1070 839 1154 ipse
885 1071 1069 1155 regni
1118 1074 1461 1155 generaret
1504 1068 1802 1135 heredes:
1847 1070 2147 1136 feminini
2194 1091 2382 1136 sexus
2429 1094 2500 1136 se
2544 1078 2756 1138 reten-

402 1164 619 1224 turam
633 1209 650 1244 ,
714 1180 961 1223 marem
1025 1159 1428 1223 reddituram
1493 1159 1685 1241 patri.

1796 1157 2190 1241 Alexander,
2253 1182 2341 1225 an
2405 1181 2552 1231 eum
2610 1162 2755 1245 ipso

298 1260 363 1309 31
408 1248 692 1313 militare
738 1248 965 1332 vellet,
1020 1248 1403 1334 interrogat.
1493 1246 1586 1311 Et
1629 1246 1746 1310 illa
1789 1252 2074 1333 causata,
2121 1250 2260 1313 sine
2305 1250 2573 1314 custode
2619 1270 2758 1334 reg-

403 1356 560 1401 num
606 1336 973 1421 reliquisse,
1026 1340 1251 1420 petere
1297 1335 1783 1420 perseverabat,
1836 1358 1918 1401 ne
1963 1359 2034 1402 se
2079 1338 2345 1402 inritam
2389 1338 2530 1419 spei
2577 1338 2760 1403 abire

294 1436 363 1485 32
400 1429 752 1509 pateretur.
851 1425 1083 1490 Aerior
1128 1425 1221 1490 -ad
1279 1426 1599 1490 Venerem
1663 1424 1941 1489 feminae
2005 1425 2240 1509 cupido
2303 1448 2498 1510 quam
2562 1427 2757 1509 regis,

398 1518 474 1579 ut
526 1536 769 1599 paucos
828 1514 961 1579 dies
1018 1514 1432 1599 subsisteret,
1487 1513 1794 1597 perpulit.
1885 1532 2016 1577 xm
2061 1515 2198 1579 dies
2253 1516 2321 1579 in
2367 1514 2755 1598 obsequium

398 1602 703 1667 desiderii
739 1604 875 1667 eius
914 1604 1246 1687 absumpti
1286 1608 1455 1668 sunt.
1529 1601 1701 1667 Tum
1739 1602 1855 1666 illa
1891 1622 2165 1686 regnum
2201 1625 2408 1686 suum,
2452 1624 2565 1667 rex
2599 1602 2754 1668 Par-

377 1692 661 1780 thienen
708 1692 1098 1777 petiverunt.

400 1865 697 1921 ‘Gewand’
746 1866 1030 1921 ubersetzt
1082 1866 1308 1921 werden
1354 1865 1524 1921 kann.

397 1968 464 1978 -
502 1938 699 2004 infra
734 1938 840 1991 mit
876 1936 1059 1992 einem
1086 1937 1253 1992 Verb.
1294 1938 1394 1991 der
1419 1938 1523 1992 Be-

394 2024 639 2091 wegung
700 2008 801 2062 hat
865 2027 909 2062 z.
964 2008 1028 2062 B.
1094 2008 1238 2062 aueh
1295 2007 1408 2063 Cio.
1466 2027 1522 2078 p.

398 2080 617 2145 Qumet.
638 2085 731 2146 493
763 2079 881 2135 Liv.
904 2086 954 2135 2.
976 2084 1024 2133 ’1.
1050 2085 1131 2134 12.
1170 2080 1286 2133 Der
1304 2079 1523 2149 Gra-gen·

396 2152 515 2205 satz
558 2150 636 2205 ist
688 2166 853 2219 super
902 2166 1085 2219 yenaa
1131 2155 1180 2205 5.
1228 2157 1279 2203 6.
1329 2156 1415 2205 18.
1453 2181 1519 2191 —

394 2222 768 2286 deseendit,
812 2222 965 2290 poet.
1012 2237 1065 2274 ιι.
1103 2220 1522 2274 naehelassiseh

392 2292 484 2346 ffir
528 2292 763 2345 demissa
808 2296 911 2358 est,
951 2292 1193 2360 pertinet
1228 2291 1316 2346 ad.
1390 2290 1520 2358 Vgl.

396 2363 591 2432 capilli
626 2362 1001 2416 descendentes
1038 2362 1107 2414 ab
1137 2377 1272 2414 aare
1297 2360 1389 2414 bei
1417 2359 1519 2414 Pe-

392 2436 547 2502 tron,
602 2433 731 2486 inde
778 2433 949 2486 si'lvae
994 2432 1326 2486 descendant
1368 2431 1521 2485 beim

387 2505 667 2574 jungeren
684 2501 914 2557 Plinius.
971 2501 1163 2556 Livius
1193 2502 1294 2555 hat
1310 2502 1520 2571 wenig-

394 2576 541 2629 stens
582 2579 630 2627 1.
660 2579 745 2627 41.
777 2577 808 2626 5
854 2574 1064 2638 ferrum
1098 2573 1163 2626 iri
1198 2588 1396 2641 corpus
1431 2574 1519 2627 de-

390 2646 673 2700 scendisse.
1122 2649 1129 2656 ‘

463 2721 549 2770 29.
612 2718 688 2770 in
740 2715 1122 2781 maiestate,
1186 2714 1517 2785 eigentlieh:

390 2787 506 2842 bei
530 2785 948 2856 imponirender
975 2785 1400 2856 Korpergrosse,
1434 2801 1518 2840 so·

392 2858 566 2913 daun:
604 2857 786 2912 dieser
812 2857 1223 2927 Korpergrosse
1270 2872 1519 2926 gegen·

390 2927 573 2985 fiber.
656 2929 783 2998 Vgl.
834 2928 925 2982 die
974 2929 1149 2982 sehon
1194 2928 1286 2982 bei
1324 2925 1517 2983 Cicero

390 3001 657 3070 haufigen
669 2998 1108 3069 Verbindungen
1122 3013 1363 3066 peccare,
1390 3015 1514 3067 yra-

390 3076 524 3138 tam‚
560 3071 958 3126 misericordem
994 3085 1102 3124 esse
1135 3069 1201 3122 in
1234 3069 1419 3138 aliquo
1448 3093 1517 3114 τε

391 3141 582 3196 einer
644 3141 901 3197 Person
972 3140 1381 3211 gegenfiber.
1446 3169 1518 3180 ——

388 3214 681 3282 diynata
716 3218 828 3268 est.
902 3211 1086 3266 Ueber
1122 3210 1233 3263 den
1272 3209 1515 3279 abhang.

388 3283 638 3338 Infinitiv
666 3301 719 3337 s.
756 3283 901 3337 Einl.
930 3289 963 3347 ς
991 3287 1061 3336 34
1087 3282 1142 3335 b.
1172 3300 1221 3349 γ.
1296 3279 1516 3334 Ebenso

388 3359 441 3409 8.
484 3360 567 3409 14.
604 3359 677 3406 44
726 3353 842 3408 und
890 3353 1155 3421 dediynor
1203 3356 1284 3404 10.
1332 3357 1383 3405 3.
1433 3356 1518 3421 11,

444 3501 546 3552 30.
584 3511 735 3548 mim
772 3494 1046 3563 aliquid
1080 3493 1171 3546 fiir
1206 3509 1339 3548 num
1365 3493 1515 3562 quid.

387 3567 463 3620 Es
526 3565 704 3620 findet
766 3564 885 3618 sich
941 3564 1093 3620 diese
1150 3563 1517 3634 Verbindung

388 3639 701 3692 ausserst
736 3634 943 3700 selten3
981 3635 1235 3705 haufiger
1270 3636 1346 3703 si,
1380 3635 1513 3702 nisi,

382 3725 456 3764 rie
491 3707 722 3776 aliquid.
769 3737 835 3746 -
885 3707 1147 3762 liberos.
1223 3704 1358 3760 Man
1391 3721 1514 3761 ver-

388 3778 608 3850 gleiehe
674 3779 1071 3832 communicare
1132 3791 1257 3832 eum
1328 3778 1513 3846 aliquo

388 3858 517 3918 rent,
546 3864 855 3914 sermonem,
884 3849 1133 3904 consilia.
1185 3848 1382 3903 Dieses
1404 3847 1513 3902 Ob·

378 3921 512 3992 Jekt
554 3920 735 3974 findet
778 3919 897 3974 sieh
937 3919 1090 3974 wohl
1125 3936 1231 3973 nur
1266 3919 1405 3972 hier.
1445 3949 1512 3958 —

386 4008 629 4046 marem
663 3991 1102 4046 reddituram.
1158 3989 1339 4043 Einen
1375 3988 1514 4058 glei-

386 4063 531 4116 ehen
559 4061 804 4132 Vertrag
839 4063 1039 4116 hatten
1074 4059 1167 4115 die
1193 4063 1515 4114 Amazonen

385 4133 537 4187 nach
565 4133 768 4189 Strabo
804 4132 910 4187 mit
946 4133 1046 4187 der
1070 4132 1244 4186 ihnen
1271 4131 1513 4186 benach-

1632 1868 1833 1923 barten
1867 1866 2268 1922 Volkersehaft
2302 1865 2402 1920 der
2441 1869 2756 1936 Γαργαρεῖς

1633 1938 1912 2008 gemacht.

1704 2015 1788 2064 31.
1827 2009 1922 2063 Et
1955 2009 2085 2064 illa
2119 2008 2210 2061 fiir
2245 2006 2327 2062 At
2359 2007 2480 2073 illa,
2515 2007 2620 2061 illa
2656 2024 2756 2061 au-

1631 2084 1736 2133 tem
1779 2080 1888 2135 wie
1933 2086 1984 2135 6.
2032 2085 2085 2134 4.
2133 2084 2201 2133 17
2244 2096 2297 2133 ιι.
2343 2093 2446 2132 aw.
2485 2108 2551 2117 -—-
2589 2079 2756 2132 irri-

1631 2156 1762 2204 tam
1807 2152 1953 2219 spei
1998 2166 2040 2205 s.
2079 2148 2225 2205 Einl.
2261 2154 2294 2215 §
2331 2154 2402 2202 29
2439 2148 2491 2202 d.
2539 2166 2592 2203 ιι.
2639 2148 2754 2219 vgl.

1632 2220 1777 2275 Vell.
1817 2227 1864 2274 2.
1897 2226 1981 2275 63.
2014 2226 2046 2274 2
2082 2221 2283 2274 irritus
2319 2220 2538 2274 consilii
2568 2220 2756 2289 yladio

1629 2306 1684 2343 se
1721 2292 2022 2358 transfixit.

1701 2366 1786 2415 32.
1843 2362 1932 2416 ad
1987 2360 2322 2416 Venerem
2373 2362 2640 2431 cupido
2685 2387 2754 2408 =

1641 2430 1865 2486 Veneris
1917 2433 2121 2501 cupido
2173 2431 2268 2485 bei
2323 2430 2422 2487 Ov.
2480 2435 2614 2488 met.
2673 2439 2754 2490 14.

1629 2507 1750 2558 634.
1826 2502 1952 2572 Vgl.
1993 2503 2274 2571 cupiditas
2318 2503 2394 2556 ad
2443 2505 2755 2558 venandum

1629 2577 1678 2628 9.
1732 2578 1778 2629 1.
1827 2579 1913 2630 33.
2009 2573 2227 2642 Cupido
2279 2571 2342 2626 in
2387 2573 2755 2644 Verbindung

1627 2643 1736 2698 mit
1777 2645 1854 2700 ad
1898 2645 1978 2699 ist
2013 2645 2169 2701 sonst
2203 2643 2355 2698 wohl
2389 2644 2552 2700 nieht
2584 2646 2754 2700 naeh-

1626 2714 1883 2770 weisbar.
1967 2717 2049 2770 Ζιι
2093 2715 2196 2770 der
2237 2715 2566 2786 poetisehen
2613 2715 2754 2772 Con-

1629 2786 1910 2842 struktion
1961 2788 2274 2857 obsequium
2325 2788 2585 2842 desiderii
2638 2787 2750 2856 vgl.

1627 2856 1762 2914 Hor.
1793 2860 1894 2912 sat.
1928 2864 1978 2914 2.
2011 2865 2058 2913 7.
2093 2864 2196 2914 104
2223 2859 2330 2914 obs.
2360 2859 2581 2912 ventris.
2643 2858 2751 2912 Die

1627 2927 1854 2997 knappe
1869 2928 2622 2998 Comparativoonstruktion
2641 2929 2751 2996 (fiir

1627 3001 1829 3066 cupido
1881 3001 2142 3065 feminae,
2201 3015 2342 3067 quae
2395 2998 2580 3052 aerior
2634 3004 2753 3053 erat

1625 3079 1794 3138 quam·
1819 3070 1983 3136 reyis)
2008 3069 2086 3122 ist
2113 3069 2244 3122 seht
2271 3067 2596 3133 lateinis0h3
2634 3070 2747 3137 vgl.

1625 3137 1744 3192 Liv.
1795 3144 1845 3192 3.
1891 3143 1978 3196 58.
2029 3144 2092 3192 11
2163 3138 2455 3206 Verqiniae
2505 3142 2751 3191 mortuae

1624 3225 1792 3278 quam
1828 3209 1984 3263 vivae
2017 3209 2283 3275 felicioris
2319 3224 2372 3260 u.
2403 3205 2663 3260 ebendas.
2697 3214 2743 3260 1.

1627 3285 1712 3334 14.
1739 3286 1796 3347 73
1828 3285 1876 3333 2.
1911 3286 1958 3334 1.
1990 3285 2038 3334 1.
2066 3309 2136 3319 --
2176 3277 2607 3332 Parthienen.
2672 3277 2750 3331 Er

1623 3351 1826 3405 kehrte
1881 3349 1999 3405 also
2047 3351 2112 3418 (s.
2151 3355 2202 3402 4.
2241 3349 2294 3413 2)
2345 3346 2553 3402 wieder
2602 3349 2751 3402 nach

1624 3421 1818 3476 Parth.
1849 3420 2070 3475 zun‘iok.
2136 3421 2464 3488 petiverant,
2500 3418 2630 3472 weil
2659 3418 2751 3475 die

1623 3491 2126 3562 vorhergehenden
2153 3491 2352 3545 Worte
2384 3507 2490 3543 nur
2517 3489 2608 3544 ein
2635 3507 2752 3545 zer-

1625 3562 1807 3632 legtes
1844 3563 2001 3616 ambo
2037 3561 2186 3628 sind3
2245 3561 2452 3616 eben-o
2487 3562 2662 3616 unten
2701 3567 2750 3616 ’1.

1623 3639 1672 3686 2.
1719 3639 1817 3698 24ς
1867 3639 1948 3688 10.
1991 3639 2074 3688 10.
2113 3639 2145 3686 2
2181 3651 2238 3688 ιι.
2275 3636 2334 3698 43
2393 3631 2570 3701 desgl.
2619 3632 2751 3688 Tae.

1623 3719 1750 3760 ann.
1801 3710 1850 3757 1.
1899 3708 1966 3758 68
2017 3702 2312 3758 Arminius
2354 3703 2563 3773 integer
2572 3744 2590 3771 ,
2648 3703 2752 3757 In-

1621 3775 1934 3844 ywiomoews
1973 3781 2107 3844 post
2149 3790 2315 3844 yrave
2357 3774 2561 3828 vulnus
2605 3790 2750 3843 paq-

1622 3862 1755 3900 nam
1781 3847 2074 3901 deseruere.
2131 3845 2237 3901 Die
2258 3844 2540 3900 Classiker
2567 3847 2755 3900 setzen

1623 3916 1792 3970 meist
1817 3916 1926 3972 den
1957 3916 2283 3986 Singular
2307 3915 2407 3970 des
2435 3914 2752 3984 Pradikats,

1623 4003 1788 4042 wenn
1823 3988 1916 4042 die
1946 3987 2216 4059 Subjekte
2242 3989 2304 4041 in
2332 3986 2515 4040 einem
2544 4001 2750 4056 gegan-

1623 4058 1932 4184 satpllichen
1977 4057 2330 4114 Verhffltniss
2376 4075 2446 4110 zu
2489 4056 2755 4112 einander

1625 4131 1709 4184 ste
1753 4145 1840 4185 en.
