<?xml version="1.0" encoding="UTF-8"?>
<!DOCTYPE html PUBLIC "-//W3C//DTD XHTML 1.0 Transitional//EN"
    "http://www.w3.org/TR/xhtml1/DTD/xhtml1-transitional.dtd">
<html xmlns="http://www.w3.org/1999/xhtml" xml:lang="en" lang="en">
 <head>
  <title>
</title>
<meta http-equiv="Content-Type" content="text/html;charset=utf-8" />
  <meta name='ocr-system' content='tesseract 3.04.00' />
  <meta name='ocr-capabilities' content='ocr_page ocr_carea ocr_par ocr_line ocrx_word'/>
</head>
<body>
  <div class='ocr_page' id='page_1' title='image "./qcurtirufihisto00vogegoog_0328.png"; bbox 0 0 3069 4749; ppageno 0'>
   <div class='ocr_carea' id='block_1_1' title="bbox 436 126 1860 193">
    <p class='ocr_par' dir='ltr' id='par_1_1' title="bbox 436 126 1860 193">
     <span class='ocr_line' id='line_1_1' title="bbox 436 126 1860 193; baseline -0.01 0"><span class='ocrx_word' id='word_1_1' title='bbox 436 129 523 193; x_wconf 87' lang='grc'><strong>86</strong></span> <span class='ocrx_word' id='word_1_2' title='bbox 1324 126 1387 193; x_wconf 80' lang='lat' dir='ltr'><strong>Q.</strong></span> <span class='ocrx_word' id='word_1_3' title='bbox 1428 126 1648 181; x_wconf 83' lang='lat' dir='ltr'>GURTI</span> <span class='ocrx_word' id='word_1_4' title='bbox 1685 126 1860 181; x_wconf 79' lang='lat' dir='ltr'><strong>RUFI</strong></span> 
     </span>
    </p>
   </div>
   <div class='ocr_carea' id='block_1_2' title="bbox 320 288 2848 1975">
    <p class='ocr_par' dir='ltr' id='par_1_2' title="bbox 320 288 2848 1975">
     <span class='ocr_line' id='line_1_2' title="bbox 430 288 2798 374; baseline -0.002 -17"><span class='ocrx_word' id='word_1_5' title='bbox 430 290 689 357; x_wconf 77' lang='lat' dir='ltr'><strong>orificiis</strong></span> <span class='ocrx_word' id='word_1_6' title='bbox 733 290 933 355; x_wconf 87' lang='lat' dir='ltr'><strong>iubet.</strong></span> <span class='ocrx_word' id='word_1_7' title='bbox 1022 288 1168 355; x_wconf 87' lang='lat' dir='ltr'><strong>Mos</strong></span> <span class='ocrx_word' id='word_1_8' title='bbox 1214 293 1361 355; x_wconf 91' lang='lat' dir='ltr'><strong>erat</strong></span> <span class='ocrx_word' id='word_1_9' title='bbox 1405 288 1864 373; x_wconf 85' lang='lat' dir='ltr'><strong>haruspicibus</strong></span> <span class='ocrx_word' id='word_1_10' title='bbox 1909 292 2060 355; x_wconf 85' lang='lat' dir='ltr'><strong>exta</strong></span> <span class='ocrx_word' id='word_1_11' title='bbox 2107 289 2246 355; x_wconf 87' lang='lat' dir='ltr'><strong>sine</strong></span> <span class='ocrx_word' id='word_1_12' title='bbox 2291 311 2446 374; x_wconf 81' lang='lat' dir='ltr'><strong>rege</strong></span> <span class='ocrx_word' id='word_1_13' title='bbox 2493 290 2798 373; x_wconf 86' lang='lat' dir='ltr'><strong>spectare</strong></span> 
     </span>
     <span class='ocr_line' id='line_1_3' title="bbox 363 377 2796 464; baseline -0.001 -20"><span class='ocrx_word' id='word_1_14' title='bbox 363 392 394 438; x_wconf 86' lang='lat'>9</span> <span class='ocrx_word' id='word_1_15' title='bbox 433 385 517 464; x_wconf 90' lang='lat' dir='ltr'><strong>et,</strong></span> <span class='ocrx_word' id='word_1_16' title='bbox 562 400 727 463; x_wconf 86' lang='lat' dir='ltr'><strong>quae</strong></span> <span class='ocrx_word' id='word_1_17' title='bbox 781 378 1344 463; x_wconf 67' lang='lat' dir='ltr'><strong>portenderentur,</strong></span> <span class='ocrx_word' id='word_1_18' title='bbox 1398 378 1660 443; x_wconf 86' lang='lat' dir='ltr'><strong>referre.</strong></span> <span class='ocrx_word' id='word_1_19' title='bbox 1749 377 1928 443; x_wconf 90' lang='lat' dir='ltr'><strong>Inter</strong></span> <span class='ocrx_word' id='word_1_20' title='bbox 1980 377 2144 443; x_wconf 88' lang='lat' dir='ltr'><strong>haec</strong></span> <span class='ocrx_word' id='word_1_21' title='bbox 2198 401 2343 462; x_wconf 83' lang='lat' dir='ltr'><strong>rex,</strong></span> <span class='ocrx_word' id='word_1_22' title='bbox 2395 379 2549 443; x_wconf 91' lang='lat' dir='ltr'><strong>dum</strong></span> <span class='ocrx_word' id='word_1_23' title='bbox 2603 377 2796 441; x_wconf 89' lang='lat' dir='ltr'><strong>fibris</strong></span> 
     </span>
     <span class='ocr_line' id='line_1_4' title="bbox 430 466 2798 553; baseline -0.001 -20"><span class='ocrx_word' id='word_1_24' title='bbox 430 469 748 553; x_wconf 81' lang='lat' dir='ltr'><strong>pecudum</strong></span> <span class='ocrx_word' id='word_1_25' title='bbox 795 467 1218 551; x_wconf 73' lang='lat' dir='ltr'><strong>explorantur</strong></span> <span class='ocrx_word' id='word_1_26' title='bbox 1265 471 1533 532; x_wconf 81' lang='lat' dir='ltr'><strong>eventus</strong></span> <span class='ocrx_word' id='word_1_27' title='bbox 1579 467 1926 533; x_wconf 88' lang='lat' dir='ltr'><strong>latentium</strong></span> <span class='ocrx_word' id='word_1_28' title='bbox 1971 487 2214 551; x_wconf 86' lang='lat' dir='ltr'><strong>rerum,</strong></span> <span class='ocrx_word' id='word_1_29' title='bbox 2259 468 2524 551; x_wconf 86' lang='lat' dir='ltr'><strong>propius</strong></span> <span class='ocrx_word' id='word_1_30' title='bbox 2571 466 2798 550; x_wconf 87' lang='lat' dir='ltr'><strong>ipsum</strong></span> 
     </span>
     <span class='ocr_line' id='line_1_5' title="bbox 430 555 2798 638; baseline -0.002 -15"><span class='ocrx_word' id='word_1_31' title='bbox 430 557 759 623; x_wconf 88' lang='lat' dir='ltr'><strong>considere</strong></span> <span class='ocrx_word' id='word_1_32' title='bbox 790 556 1075 638; x_wconf 87' lang='lat' dir='ltr'><strong>[deinde]</strong></span> <span class='ocrx_word' id='word_1_33' title='bbox 1108 557 1353 621; x_wconf 88' lang='lat' dir='ltr'><strong>amicos</strong></span> <span class='ocrx_word' id='word_1_34' title='bbox 1390 557 1590 638; x_wconf 90' lang='lat' dir='ltr'><strong>iubet,</strong></span> <span class='ocrx_word' id='word_1_35' title='bbox 1625 578 1710 621; x_wconf 87' lang='lat' dir='ltr'><strong>ne</strong></span> <span class='ocrx_word' id='word_1_36' title='bbox 1747 557 2162 621; x_wconf 78' lang='lat' dir='ltr'><strong>contentione</strong></span> <span class='ocrx_word' id='word_1_37' title='bbox 2199 556 2378 621; x_wconf 84' lang='lat' dir='ltr'><strong>vocis</strong></span> <span class='ocrx_word' id='word_1_38' title='bbox 2417 555 2798 621; x_wconf 77' lang='lat' dir='ltr'><strong>cicatricem</strong></span> 
     </span>
     <span class='ocr_line' id='line_1_6' title="bbox 428 642 2794 729; baseline -0.001 -20"><span class='ocrx_word' id='word_1_39' title='bbox 428 646 755 711; x_wconf 86' lang='lat' dir='ltr'><strong>infirmam</strong></span> <span class='ocrx_word' id='word_1_40' title='bbox 813 644 1023 710; x_wconf 87' lang='lat' dir='ltr'><strong>adhuc</strong></span> <span class='ocrx_word' id='word_1_41' title='bbox 1076 649 1425 728; x_wconf 87' lang='lat' dir='ltr'><strong>rumperet.</strong></span> <span class='ocrx_word' id='word_1_42' title='bbox 1512 644 1948 729; x_wconf 80' lang='lat' dir='ltr'><strong>HephaestiO,</strong></span> <span class='ocrx_word' id='word_1_43' title='bbox 2002 642 2313 711; x_wconf 85' lang='lat' dir='ltr'><strong>Craterus</strong></span> <span class='ocrx_word' id='word_1_44' title='bbox 2361 647 2428 709; x_wconf 92' lang='lat' dir='ltr'><strong>et</strong></span> <span class='ocrx_word' id='word_1_45' title='bbox 2471 643 2794 727; x_wconf 76' lang='lat' dir='ltr'><strong>Erigyius</strong></span> 
     </span>
     <span class='ocr_line' id='line_1_7' title="bbox 325 730 2792 815; baseline 0.001 -21"><span class='ocrx_word' id='word_1_46' title='bbox 325 746 392 794; x_wconf 87' lang='lat'><strong>10</strong></span> <span class='ocrx_word' id='word_1_47' title='bbox 431 739 619 801; x_wconf 87' lang='lat' dir='ltr'><strong>erant</strong></span> <span class='ocrx_word' id='word_1_48' title='bbox 672 756 818 799; x_wconf 88' lang='lat' dir='ltr'><strong>cum</strong></span> <span class='ocrx_word' id='word_1_49' title='bbox 874 732 1249 799; x_wconf 81' lang='lat' dir='ltr'><strong>custodibus</strong></span> <span class='ocrx_word' id='word_1_50' title='bbox 1304 734 1373 798; x_wconf 90' lang='lat' dir='ltr'><strong>in</strong></span> <span class='ocrx_word' id='word_1_51' title='bbox 1428 733 1920 799; x_wconf 89' lang='lat' dir='ltr'><strong>tabernaculum</strong></span> <span class='ocrx_word' id='word_1_52' title='bbox 1977 733 2262 799; x_wconf 78' lang='lat' dir='ltr'><strong>admissi.</strong></span> <span class='ocrx_word' id='word_1_53' title='bbox 2356 730 2773 800; x_wconf 79' lang='lat' dir='ltr'><strong>‘Discrimen&#39;</strong></span> <span class='ocrx_word' id='word_1_54' title='bbox 2773 781 2792 815; x_wconf 90' lang='lat'><strong>,</strong></span> 
     </span>
     <span class='ocr_line' id='line_1_8' title="bbox 428 822 2789 924; baseline -0.001 -37"><span class='ocrx_word' id='word_1_55' title='bbox 428 824 669 908; x_wconf 89' lang='lat' dir='ltr'><strong>inquit,</strong></span> <span class='ocrx_word' id='word_1_56' title='bbox 727 823 853 889; x_wconf 88' lang='lat' dir='ltr'><strong>me</strong></span> <span class='ocrx_word' id='word_1_57' title='bbox 910 823 1250 906; x_wconf 82' lang='lat' dir='ltr'><strong>occupavit</strong></span> <span class='ocrx_word' id='word_1_58' title='bbox 1306 823 1575 889; x_wconf 90' lang='lat' dir='ltr'><strong>meliore</strong></span> <span class='ocrx_word' id='word_1_59' title='bbox 1629 822 1981 911; x_wconf 38' lang='lat' dir='ltr'><strong>hostiumn</strong></span> <span class='ocrx_word' id='word_1_60' title='bbox 2011 844 2206 924; x_wconf 79' lang='lat' dir='ltr'><strong>quam</strong></span> <span class='ocrx_word' id='word_1_61' title='bbox 2270 844 2414 887; x_wconf 89' lang='lat' dir='ltr'><strong>meo</strong></span> <span class='ocrx_word' id='word_1_62' title='bbox 2475 825 2789 905; x_wconf 89' lang='lat' dir='ltr'><strong>tempore.</strong></span> 
     </span>
     <span class='ocr_line' id='line_1_9' title="bbox 429 900 2790 995; baseline -0.001 -18"><span class='ocrx_word' id='word_1_63' title='bbox 429 910 555 977; x_wconf 84' lang='lat' dir='ltr'><strong>Sed</strong></span> <span class='ocrx_word' id='word_1_64' title='bbox 597 911 953 977; x_wconf 78' lang='lat' dir='ltr'><strong>necessitas</strong></span> <span class='ocrx_word' id='word_1_65' title='bbox 1002 915 1153 977; x_wconf 89' lang='lat' dir='ltr'><strong>ante</strong></span> <span class='ocrx_word' id='word_1_66' title='bbox 1198 910 1517 977; x_wconf 86' lang='lat' dir='ltr'><strong>rationem</strong></span> <span class='ocrx_word' id='word_1_67' title='bbox 1565 916 1692 995; x_wconf 88' lang='lat' dir='ltr'><strong>est,</strong></span> <span class='ocrx_word' id='word_1_68' title='bbox 1745 900 2028 977; x_wconf 80' lang='lat' dir='ltr'><strong>maxime</strong></span> <span class='ocrx_word' id='word_1_69' title='bbox 2075 912 2144 975; x_wconf 88' lang='lat' dir='ltr'><strong>in</strong></span> <span class='ocrx_word' id='word_1_70' title='bbox 2188 911 2390 995; x_wconf 87' lang='lat' dir='ltr'><strong>bello,</strong></span> <span class='ocrx_word' id='word_1_71' title='bbox 2454 932 2581 995; x_wconf 89' lang='lat' dir='ltr'><strong>quo</strong></span> <span class='ocrx_word' id='word_1_72' title='bbox 2635 932 2790 975; x_wconf 90' lang='lat' dir='ltr'><strong>raro</strong></span> 
     </span>
     <span class='ocr_line' id='line_1_10' title="bbox 330 962 2787 1103; baseline -0.001 -38"><span class='ocrx_word' id='word_1_73' title='bbox 330 1010 393 1058; x_wconf 88' lang='lat'><strong>11</strong></span> <span class='ocrx_word' id='word_1_74' title='bbox 432 1001 836 1085; x_wconf 81' lang='lat' dir='ltr'><strong>permittitur</strong></span> <span class='ocrx_word' id='word_1_75' title='bbox 890 1002 1188 1083; x_wconf 88' lang='lat' dir='ltr'><strong>tempora</strong></span> <span class='ocrx_word' id='word_1_76' title='bbox 1242 1000 1475 1085; x_wconf 85' lang='lat' dir='ltr'><strong>legere.</strong></span> <span class='ocrx_word' id='word_1_77' title='bbox 1576 962 1886 1065; x_wconf 89' lang='lat' dir='ltr'><strong>Defecere</strong></span> <span class='ocrx_word' id='word_1_78' title='bbox 1948 1000 2310 1103; x_wconf 84' lang='lat' dir='ltr'><strong>Bactriani,</strong></span> <span class='ocrx_word' id='word_1_79' title='bbox 2374 1000 2445 1065; x_wconf 90' lang='lat' dir='ltr'><strong>in</strong></span> <span class='ocrx_word' id='word_1_80' title='bbox 2508 1020 2787 1084; x_wconf 89' lang='lat' dir='ltr'><strong>quorum</strong></span> 
     </span>
     <span class='ocr_line' id='line_1_11' title="bbox 426 1088 2788 1173; baseline -0.002 -17"><span class='ocrx_word' id='word_1_81' title='bbox 426 1090 783 1157; x_wconf 84' lang='lat' dir='ltr'><strong>cervicibus</strong></span> <span class='ocrx_word' id='word_1_82' title='bbox 822 1092 1090 1168; x_wconf 89' lang='lat' dir='ltr'><strong>stamus,</strong></span> <span class='ocrx_word' id='word_1_83' title='bbox 1127 1092 1211 1171; x_wconf 93' lang='lat' dir='ltr'><strong>et,</strong></span> <span class='ocrx_word' id='word_1_84' title='bbox 1250 1093 1566 1173; x_wconf 88' lang='lat' dir='ltr'><strong>quantum</strong></span> <span class='ocrx_word' id='word_1_85' title='bbox 1603 1090 1673 1154; x_wconf 89' lang='lat' dir='ltr'><strong>in</strong></span> <span class='ocrx_word' id='word_1_86' title='bbox 1705 1089 1899 1155; x_wconf 88' lang='lat' dir='ltr'><strong>nobis</strong></span> <span class='ocrx_word' id='word_1_87' title='bbox 1937 1089 2142 1155; x_wconf 88' lang='lat' dir='ltr'><strong>animi</strong></span> <span class='ocrx_word' id='word_1_88' title='bbox 2181 1089 2286 1171; x_wconf 88' lang='lat' dir='ltr'><strong>sit,</strong></span> <span class='ocrx_word' id='word_1_89' title='bbox 2323 1089 2536 1153; x_wconf 89' lang='lat' dir='ltr'><strong>alieno</strong></span> <span class='ocrx_word' id='word_1_90' title='bbox 2570 1088 2788 1152; x_wconf 88' lang='lat' dir='ltr'><strong>Marte</strong></span> 
     </span>
     <span class='ocr_line' id='line_1_12' title="bbox 426 1175 2788 1262; baseline -0.002 -18"><span class='ocrx_word' id='word_1_91' title='bbox 426 1178 859 1262; x_wconf 85' lang='lat' dir='ltr'><strong>experiuntur.</strong></span> <span class='ocrx_word' id='word_1_92' title='bbox 932 1176 1129 1243; x_wconf 86' lang='lat' dir='ltr'><strong>Haud</strong></span> <span class='ocrx_word' id='word_1_93' title='bbox 1164 1178 1364 1243; x_wconf 90' lang='lat' dir='ltr'><strong>dubia</strong></span> <span class='ocrx_word' id='word_1_94' title='bbox 1390 1178 1674 1243; x_wconf 85' lang='lat' dir='ltr'><strong>fortuna.</strong></span> <span class='ocrx_word' id='word_1_95' title='bbox 1751 1176 1822 1243; x_wconf 80' lang='lat' dir='ltr'><strong>Si</strong></span> <span class='ocrx_word' id='word_1_96' title='bbox 1860 1178 2269 1243; x_wconf 88' lang='lat' dir='ltr'><strong>omiserimus</strong></span> <span class='ocrx_word' id='word_1_97' title='bbox 2298 1175 2572 1260; x_wconf 79' lang='lat' dir='ltr'><strong>Scythas</strong></span> <span class='ocrx_word' id='word_1_98' title='bbox 2609 1177 2788 1241; x_wconf 90' lang='lat' dir='ltr'><strong>ultro</strong></span> 
     </span>
     <span class='ocr_line' id='line_1_13' title="bbox 428 1266 2788 1351; baseline -0.002 -18"><span class='ocrx_word' id='word_1_99' title='bbox 428 1288 611 1333; x_wconf 84' lang='lat' dir='ltr'><strong>arma</strong></span> <span class='ocrx_word' id='word_1_100' title='bbox 647 1266 1017 1351; x_wconf 86' lang='lat' dir='ltr'><strong>inferentes,</strong></span> <span class='ocrx_word' id='word_1_101' title='bbox 1056 1268 1414 1350; x_wconf 88' lang='lat' dir='ltr'><strong>contempti</strong></span> <span class='ocrx_word' id='word_1_102' title='bbox 1452 1267 1533 1332; x_wconf 87' lang='lat' dir='ltr'><strong>ad</strong></span> <span class='ocrx_word' id='word_1_103' title='bbox 1571 1266 1744 1350; x_wconf 90' lang='lat' dir='ltr'><strong>illos,</strong></span> <span class='ocrx_word' id='word_1_104' title='bbox 1783 1266 1894 1351; x_wconf 92' lang='lat' dir='ltr'><strong>qui</strong></span> <span class='ocrx_word' id='word_1_105' title='bbox 1929 1266 2320 1350; x_wconf 84' lang='lat' dir='ltr'><strong>defecerunt,</strong></span> <span class='ocrx_word' id='word_1_106' title='bbox 2356 1270 2788 1333; x_wconf 79' lang='lat' dir='ltr'><strong>revertemur:</strong></span> 
     </span>
     <span class='ocr_line' id='line_1_14' title="bbox 320 1351 2791 1439; baseline -0.001 -18"><span class='ocrx_word' id='word_1_107' title='bbox 320 1366 385 1414; x_wconf 83' lang='lat'><strong>12</strong></span> <span class='ocrx_word' id='word_1_108' title='bbox 428 1357 485 1421; x_wconf 91' lang='lat' dir='ltr'><strong>si</strong></span> <span class='ocrx_word' id='word_1_109' title='bbox 529 1378 684 1421; x_wconf 80' lang='lat' dir='ltr'><strong>vero</strong></span> <span class='ocrx_word' id='word_1_110' title='bbox 732 1356 1011 1421; x_wconf 84' lang='lat' dir='ltr'><strong>Tanaim</strong></span> <span class='ocrx_word' id='word_1_111' title='bbox 1053 1356 1509 1421; x_wconf 86' lang='lat' dir='ltr'><strong>transierimus</strong></span> <span class='ocrx_word' id='word_1_112' title='bbox 1557 1359 1626 1420; x_wconf 89' lang='lat' dir='ltr'><strong>et</strong></span> <span class='ocrx_word' id='word_1_113' title='bbox 1669 1356 1906 1439; x_wconf 89' lang='lat' dir='ltr'><strong>ubique</strong></span> <span class='ocrx_word' id='word_1_114' title='bbox 1953 1356 2230 1423; x_wconf 82' lang='lat' dir='ltr'><strong>invictos</strong></span> <span class='ocrx_word' id='word_1_115' title='bbox 2278 1376 2420 1420; x_wconf 87' lang='lat' dir='ltr'><strong>esse</strong></span> <span class='ocrx_word' id='word_1_116' title='bbox 2465 1376 2586 1419; x_wconf 89' lang='lat' dir='ltr'><strong>nos</strong></span> <span class='ocrx_word' id='word_1_117' title='bbox 2632 1351 2791 1438; x_wconf 79' lang='lat' dir='ltr'><strong>Scy-</strong></span> 
     </span>
     <span class='ocr_line' id='line_1_15' title="bbox 425 1444 2791 1530; baseline -0.002 -19"><span class='ocrx_word' id='word_1_118' title='bbox 425 1445 685 1511; x_wconf 88' lang='lat' dir='ltr'><strong>tharum</strong></span> <span class='ocrx_word' id='word_1_119' title='bbox 713 1445 995 1529; x_wconf 84' lang='lat' dir='ltr'><strong>pernicie</strong></span> <span class='ocrx_word' id='word_1_120' title='bbox 1024 1467 1099 1510; x_wconf 91' lang='lat' dir='ltr'><strong>ac</strong></span> <span class='ocrx_word' id='word_1_121' title='bbox 1130 1445 1447 1530; x_wconf 86' lang='lat' dir='ltr'><strong>sanguine</strong></span> <span class='ocrx_word' id='word_1_122' title='bbox 1485 1444 1979 1528; x_wconf 65' lang='lat' dir='ltr'><strong>ostenderimus»,</strong></span> <span class='ocrx_word' id='word_1_123' title='bbox 2017 1445 2164 1528; x_wconf 86' lang='lat' dir='ltr'><strong>quis</strong></span> <span class='ocrx_word' id='word_1_124' title='bbox 2203 1444 2534 1509; x_wconf 87' lang='lat' dir='ltr'><strong>dubitabit</strong></span> <span class='ocrx_word' id='word_1_125' title='bbox 2561 1464 2791 1527; x_wconf 90' lang='lat' dir='ltr'><strong>parere</strong></span> 
     </span>
     <span class='ocr_line' id='line_1_16' title="bbox 320 1532 2791 1619; baseline -0.002 -19"><span class='ocrx_word' id='word_1_126' title='bbox 320 1543 385 1593; x_wconf 85' lang='lat'><strong>13</strong></span> <span class='ocrx_word' id='word_1_127' title='bbox 427 1536 627 1600; x_wconf 87' lang='lat' dir='ltr'><strong>etiam</strong></span> <span class='ocrx_word' id='word_1_128' title='bbox 652 1534 955 1617; x_wconf 84' lang='lat' dir='ltr'><strong>Europae</strong></span> <span class='ocrx_word' id='word_1_129' title='bbox 983 1533 1391 1615; x_wconf 73' lang='lat' dir='ltr'><strong>victoribus?</strong></span> <span class='ocrx_word' id='word_1_130' title='bbox 1429 1532 1730 1617; x_wconf 86' lang='lat' dir='ltr'><strong>Fallitur,</strong></span> <span class='ocrx_word' id='word_1_131' title='bbox 1759 1534 1874 1619; x_wconf 83' lang='lat' dir='ltr'><strong>qui</strong></span> <span class='ocrx_word' id='word_1_132' title='bbox 1898 1533 2213 1599; x_wconf 87' lang='lat' dir='ltr'><strong>terminos</strong></span> <span class='ocrx_word' id='word_1_133' title='bbox 2243 1533 2492 1617; x_wconf 85' lang='lat' dir='ltr'><strong>gloriae</strong></span> <span class='ocrx_word' id='word_1_134' title='bbox 2520 1536 2791 1599; x_wconf 88' lang='lat' dir='ltr'><strong>nostrae</strong></span> 
     </span>
     <span class='ocr_line' id='line_1_17' title="bbox 424 1620 2791 1707; baseline -0.001 -18"><span class='ocrx_word' id='word_1_135' title='bbox 424 1623 692 1689; x_wconf 89' lang='lat' dir='ltr'><strong>metitur</strong></span> <span class='ocrx_word' id='word_1_136' title='bbox 738 1624 971 1707; x_wconf 86' lang='lat' dir='ltr'><strong>spatio,</strong></span> <span class='ocrx_word' id='word_1_137' title='bbox 1018 1623 1192 1707; x_wconf 89' lang='lat' dir='ltr'><strong>quod</strong></span> <span class='ocrx_word' id='word_1_138' title='bbox 1238 1623 1580 1687; x_wconf 84' lang='lat' dir='ltr'><strong>transituri</strong></span> <span class='ocrx_word' id='word_1_139' title='bbox 1627 1644 1867 1687; x_wconf 87' lang='lat' dir='ltr'><strong>sumus.</strong></span> <span class='ocrx_word' id='word_1_140' title='bbox 1949 1620 2136 1687; x_wconf 87' lang='lat' dir='ltr'><strong>Unus</strong></span> <span class='ocrx_word' id='word_1_141' title='bbox 2185 1623 2394 1687; x_wconf 84' lang='lat' dir='ltr'><strong>amnis</strong></span> <span class='ocrx_word' id='word_1_142' title='bbox 2443 1621 2791 1686; x_wconf 85' lang='lat' dir='ltr'><strong>interfluit:</strong></span> 
     </span>
     <span class='ocr_line' id='line_1_18' title="bbox 320 1710 2792 1797; baseline -0.002 -19"><span class='ocrx_word' id='word_1_143' title='bbox 320 1721 388 1769; x_wconf 84' lang='lat'><strong>14</strong></span> <span class='ocrx_word' id='word_1_144' title='bbox 425 1735 619 1797; x_wconf 86' lang='lat' dir='ltr'><strong>quem</strong></span> <span class='ocrx_word' id='word_1_145' title='bbox 666 1712 723 1777; x_wconf 87' lang='lat' dir='ltr'><strong>si</strong></span> <span class='ocrx_word' id='word_1_146' title='bbox 767 1712 1132 1795; x_wconf 73' lang='lat' dir='ltr'><strong>traicimuS,</strong></span> <span class='ocrx_word' id='word_1_147' title='bbox 1190 1712 1260 1776; x_wconf 89' lang='lat' dir='ltr'><strong>in</strong></span> <span class='ocrx_word' id='word_1_148' title='bbox 1304 1711 1637 1794; x_wconf 82' lang='lat' dir='ltr'><strong>Europam</strong></span> <span class='ocrx_word' id='word_1_149' title='bbox 1693 1733 1874 1777; x_wconf 89' lang='lat' dir='ltr'><strong>arma</strong></span> <span class='ocrx_word' id='word_1_150' title='bbox 1921 1710 2330 1794; x_wconf 88' lang='lat' dir='ltr'><strong>proferimus.</strong></span> <span class='ocrx_word' id='word_1_151' title='bbox 2421 1710 2513 1775; x_wconf 92' lang='lat' dir='ltr'><strong>Et</strong></span> <span class='ocrx_word' id='word_1_152' title='bbox 2558 1710 2792 1793; x_wconf 88' lang='lat' dir='ltr'><strong>quanti</strong></span> 
     </span>
     <span class='ocr_line' id='line_1_19' title="bbox 424 1797 2848 1886; baseline -0.002 -19"><span class='ocrx_word' id='word_1_153' title='bbox 424 1800 900 1867; x_wconf 84' lang='lat' dir='ltr'><strong>aestimandum</strong></span> <span class='ocrx_word' id='word_1_154' title='bbox 946 1804 1063 1885; x_wconf 85' lang='lat' dir='ltr'><strong>est,</strong></span> <span class='ocrx_word' id='word_1_155' title='bbox 1110 1800 1264 1865; x_wconf 90' lang='lat' dir='ltr'><strong>dum</strong></span> <span class='ocrx_word' id='word_1_156' title='bbox 1308 1799 1540 1865; x_wconf 89' lang='lat' dir='ltr'><strong>Asiam</strong></span> <span class='ocrx_word' id='word_1_157' title='bbox 1589 1800 1976 1886; x_wconf 83' lang='lat' dir='ltr'><strong>subigimus,</strong></span> <span class='ocrx_word' id='word_1_158' title='bbox 2020 1800 2091 1864; x_wconf 90' lang='lat' dir='ltr'><strong>in</strong></span> <span class='ocrx_word' id='word_1_159' title='bbox 2139 1799 2268 1863; x_wconf 84' lang='lat' dir='ltr'><strong>alio</strong></span> <span class='ocrx_word' id='word_1_160' title='bbox 2307 1797 2790 1883; x_wconf 85' lang='lat' dir='ltr'><strong>quodammodo</strong></span> <span class='ocrx_word' id='word_1_161' title='bbox 2841 1800 2848 1807; x_wconf 81' lang='grc'><strong>’</strong></span> 
     </span>
     <span class='ocr_line' id='line_1_20' title="bbox 424 1888 2794 1975; baseline -0.002 -19"><span class='ocrx_word' id='word_1_162' title='bbox 424 1889 581 1956; x_wconf 90' lang='lat' dir='ltr'><strong>orbe</strong></span> <span class='ocrx_word' id='word_1_163' title='bbox 638 1894 912 1973; x_wconf 88' lang='lat' dir='ltr'><strong>tropaea</strong></span> <span class='ocrx_word' id='word_1_164' title='bbox 976 1893 1263 1955; x_wconf 88' lang='lat' dir='ltr'><strong>statuere</strong></span> <span class='ocrx_word' id='word_1_165' title='bbox 1320 1892 1411 1975; x_wconf 89' lang='lat' dir='ltr'><strong>et,</strong></span> <span class='ocrx_word' id='word_1_166' title='bbox 1483 1911 1646 1973; x_wconf 89' lang='lat' dir='ltr'><strong>quae</strong></span> <span class='ocrx_word' id='word_1_167' title='bbox 1701 1892 1841 1955; x_wconf 89' lang='lat' dir='ltr'><strong>tam</strong></span> <span class='ocrx_word' id='word_1_168' title='bbox 1894 1890 2110 1972; x_wconf 84' lang='lat' dir='ltr'><strong>longo·</strong></span> <span class='ocrx_word' id='word_1_169' title='bbox 2149 1888 2497 1953; x_wconf 88' lang='lat' dir='ltr'><strong>intervallo</strong></span> <span class='ocrx_word' id='word_1_170' title='bbox 2553 1891 2794 1953; x_wconf 88' lang='lat' dir='ltr'><strong>natura</strong></span> 
     </span>
    </p>
   </div>
   <div class='ocr_carea' id='block_1_3' title="bbox 419 2100 2791 2595">
    <p class='ocr_par' dir='ltr' id='par_1_3' title="bbox 419 2100 2791 2595">
     <span class='ocr_line' id='line_1_21' title="bbox 419 2100 2791 2172; baseline -0.002 -15"><span class='ocrx_word' id='word_1_171' title='bbox 419 2102 736 2172; x_wconf 73' lang='lat' dir='ltr'><strong>reliqionem</strong></span> <span class='ocrx_word' id='word_1_172' title='bbox 766 2102 929 2157; x_wconf 77' lang='lat' dir='ltr'><strong>alteri</strong></span> <span class='ocrx_word' id='word_1_173' title='bbox 956 2102 1265 2166; x_wconf 79' lang='lat' dir='ltr'><strong>addictam;</strong></span> <span class='ocrx_word' id='word_1_174' title='bbox 1302 2101 1451 2155; x_wconf 88' lang='lat' dir='ltr'><strong>auct.</strong></span> <span class='ocrx_word' id='word_1_175' title='bbox 1478 2100 1551 2154; x_wconf 88' lang='lat' dir='ltr'><strong>ad</strong></span> <span class='ocrx_word' id='word_1_176' title='bbox 1734 2106 1817 2157; x_wconf 88' lang='lat'><strong>11.</strong></span> <span class='ocrx_word' id='word_1_177' title='bbox 1873 2102 1946 2155; x_wconf 73' lang='lat' dir='ltr'><strong>in</strong></span> <span class='ocrx_word' id='word_1_178' title='bbox 2001 2115 2277 2169; x_wconf 70' lang='lat' dir='ltr'><strong>quorum</strong></span> <span class='ocrx_word' id='word_1_179' title='bbox 2327 2114 2490 2153; x_wconf 80' lang='lat' dir='ltr'><strong>cerv.</strong></span> <span class='ocrx_word' id='word_1_180' title='bbox 2537 2103 2791 2153; x_wconf 76' lang='lat' dir='ltr'><strong>stamus</strong></span> 
     </span>
     <span class='ocr_line' id='line_1_22' title="bbox 421 2168 2789 2254; baseline -0.002 -27"><span class='ocrx_word' id='word_1_181' title='bbox 421 2174 663 2229; x_wconf 85' lang='lat' dir='ltr'><strong>Herenn.</strong></span> <span class='ocrx_word' id='word_1_182' title='bbox 683 2179 736 2227; x_wconf 97' lang='lat'><strong>4.</strong></span> <span class='ocrx_word' id='word_1_183' title='bbox 760 2179 827 2227; x_wconf 80' lang='grc'><strong>37</strong></span> <span class='ocrx_word' id='word_1_184' title='bbox 849 2173 1155 2241; x_wconf 75' lang='lat' dir='ltr'><strong>pueritiam</strong></span> <span class='ocrx_word' id='word_1_185' title='bbox 1182 2174 1550 2240; x_wconf 74' lang='lat' dir='ltr'><strong>intemperan-</strong></span> <span class='ocrx_word' id='word_1_186' title='bbox 1664 2171 1873 2227; x_wconf 84' lang='lat' dir='ltr'><strong>denen</strong></span> <span class='ocrx_word' id='word_1_187' title='bbox 1899 2170 2012 2254; x_wconf 47' lang='lat' dir='ltr'><strong>wir·</strong></span> <span class='ocrx_word' id='word_1_188' title='bbox 2030 2170 2132 2225; x_wconf 83' lang='lat' dir='ltr'><strong>auf</strong></span> <span class='ocrx_word' id='word_1_189' title='bbox 2155 2169 2284 2225; x_wconf 86' lang='lat' dir='ltr'><strong>dem</strong></span> <span class='ocrx_word' id='word_1_190' title='bbox 2303 2170 2541 2224; x_wconf 85' lang='lat' dir='ltr'><strong>Nacken</strong></span> <span class='ocrx_word' id='word_1_191' title='bbox 2567 2168 2789 2238; x_wconf 85' lang='lat' dir='ltr'><strong>sitzen&#39;‚</strong></span> 
     </span>
     <span class='ocr_line' id='line_1_23' title="bbox 420 2240 2790 2313; baseline -0.003 -14"><span class='ocrx_word' id='word_1_192' title='bbox 420 2246 533 2299; x_wconf 81' lang='lat' dir='ltr'><strong>tiae</strong></span> <span class='ocrx_word' id='word_1_193' title='bbox 569 2245 835 2301; x_wconf 78' lang='lat' dir='ltr'><strong>addicere.</strong></span> <span class='ocrx_word' id='word_1_194' title='bbox 902 2241 1029 2313; x_wconf 88' lang='lat' dir='ltr'><strong>Vgl.</strong></span> <span class='ocrx_word' id='word_1_195' title='bbox 1074 2242 1245 2297; x_wconf 86' lang='lat' dir='ltr'><strong>auch·</strong></span> <span class='ocrx_word' id='word_1_196' title='bbox 1282 2259 1339 2297; x_wconf 76' lang='lat' dir='ltr'><strong>se</strong></span> <span class='ocrx_word' id='word_1_197' title='bbox 1376 2243 1554 2297; x_wconf 75' lang='lat' dir='ltr'><strong>alicui</strong></span> <span class='ocrx_word' id='word_1_198' title='bbox 1661 2243 1716 2297; x_wconf 91' lang='lat' dir='ltr'><strong>d.</strong></span> <span class='ocrx_word' id='word_1_199' title='bbox 1735 2244 1792 2297; x_wconf 86' lang='lat' dir='ltr'><strong>h.</strong></span> <span class='ocrx_word' id='word_1_200' title='bbox 1821 2242 1913 2297; x_wconf 92' lang='lat' dir='ltr'><strong>die</strong></span> <span class='ocrx_word' id='word_1_201' title='bbox 1941 2241 2044 2297; x_wconf 83' lang='lat' dir='ltr'><strong>wir</strong></span> <span class='ocrx_word' id='word_1_202' title='bbox 2069 2240 2472 2297; x_wconf 82' lang='lat' dir='ltr'><strong>unmittelbar‘</strong></span> <span class='ocrx_word' id='word_1_203' title='bbox 2455 2258 2536 2294; x_wconf 84' lang='grc' dir='ltr'>ιιιι</span> <span class='ocrx_word' id='word_1_204' title='bbox 2555 2240 2790 2295; x_wconf 87' lang='lat' dir='ltr'><strong>Rucken</strong></span> 
     </span>
     <span class='ocr_line' id='line_1_24' title="bbox 421 2311 2788 2384; baseline -0.003 -13"><span class='ocrx_word' id='word_1_205' title='bbox 421 2317 676 2371; x_wconf 80' lang='lat' dir='ltr'><strong>addicere</strong></span> <span class='ocrx_word' id='word_1_206' title='bbox 703 2340 772 2361; x_wconf 88' lang='lat'><strong>=--</strong></span> <span class='ocrx_word' id='word_1_207' title='bbox 802 2315 1073 2380; x_wconf 83' lang='lat' dir='ltr'><strong>devovere,</strong></span> <span class='ocrx_word' id='word_1_208' title='bbox 1110 2318 1283 2369; x_wconf 78' lang='lat' dir='ltr'><strong>totum</strong></span> <span class='ocrx_word' id='word_1_209' title='bbox 1318 2315 1550 2369; x_wconf 79' lang='lat' dir='ltr'><strong>tradere</strong></span> <span class='ocrx_word' id='word_1_210' title='bbox 1659 2313 1863 2369; x_wconf 86' lang='lat' dir='ltr'><strong>haben.</strong></span> <span class='ocrx_word' id='word_1_211' title='bbox 1928 2313 2058 2384; x_wconf 85' lang='lat' dir='ltr'><strong>Vgl.</strong></span> <span class='ocrx_word' id='word_1_212' title='bbox 2087 2318 2117 2380; x_wconf 65' lang='grc' dir='ltr'>ξ</span> <span class='ocrx_word' id='word_1_213' title='bbox 2148 2319 2177 2366; x_wconf 98' lang='grc'><strong>1</strong></span> <span class='ocrx_word' id='word_1_214' title='bbox 2217 2330 2270 2367; x_wconf 89' lang='grc' dir='ltr'><strong>ιι.</strong></span> <span class='ocrx_word' id='word_1_215' title='bbox 2312 2311 2422 2366; x_wconf 81' lang='lat' dir='ltr'><strong>Cic.</strong></span> <span class='ocrx_word' id='word_1_216' title='bbox 2462 2329 2518 2383; x_wconf 86' lang='lat' dir='ltr'><strong>p.</strong></span> <span class='ocrx_word' id='word_1_217' title='bbox 2547 2311 2688 2365; x_wconf 91' lang='lat' dir='ltr'><strong>Mur.</strong></span> <span class='ocrx_word' id='word_1_218' title='bbox 2721 2316 2788 2367; x_wconf 79' lang='grc'><strong>’19</strong></span> 
     </span>
     <span class='ocr_line' id='line_1_25' title="bbox 423 2385 2697 2450; baseline -0.001 -10"><span class='ocrx_word' id='word_1_219' title='bbox 423 2419 492 2428; x_wconf 88' lang='grc'>-</span> <span class='ocrx_word' id='word_1_220' title='bbox 532 2393 835 2442; x_wconf 76' lang='lat' dir='ltr'><strong>eventum</strong></span> <span class='ocrx_word' id='word_1_221' title='bbox 870 2401 1089 2440; x_wconf 75' lang='lat' dir='ltr'><strong>rerum</strong></span> <span class='ocrx_word' id='word_1_222' title='bbox 1126 2385 1233 2440; x_wconf 80' lang='lat' dir='ltr'><strong>wie</strong></span> <span class='ocrx_word' id='word_1_223' title='bbox 1270 2391 1301 2450; x_wconf 63' lang='grc' dir='ltr'>ἓ</span> <span class='ocrx_word' id='word_1_224' title='bbox 1330 2391 1361 2440; x_wconf 89' lang='grc'>9</span> <span class='ocrx_word' id='word_1_225' title='bbox 1392 2404 1445 2442; x_wconf 95' lang='grc' dir='ltr'><strong>ιι.</strong></span> <span class='ocrx_word' id='word_1_226' title='bbox 1474 2401 1550 2441; x_wconf 85' lang='lat' dir='ltr'><strong>ev.</strong></span> <span class='ocrx_word' id='word_1_227' title='bbox 1659 2387 1724 2440; x_wconf 75' lang='lat' dir='ltr'><strong>in</strong></span> <span class='ocrx_word' id='word_1_228' title='bbox 1757 2386 2060 2441; x_wconf 64' lang='lat' dir='ltr'><strong>cervicibus</strong></span> <span class='ocrx_word' id='word_1_229' title='bbox 2105 2385 2438 2440; x_wconf 72' lang='lat' dir='ltr'><strong>restiterunt.</strong></span> <span class='ocrx_word' id='word_1_230' title='bbox 2481 2415 2548 2424; x_wconf 93' lang='lat'><strong>--</strong></span> <span class='ocrx_word' id='word_1_231' title='bbox 2585 2388 2697 2438; x_wconf 85' lang='lat' dir='ltr'><strong>et.</strong></span> 
     </span>
     <span class='ocr_line' id='line_1_26' title="bbox 421 2424 2788 2526; baseline -0.003 -12"><span class='ocrx_word' id='word_1_232' title='bbox 421 2459 587 2514; x_wconf 77' lang='lat' dir='ltr'><strong>sortis</strong></span> <span class='ocrx_word' id='word_1_233' title='bbox 620 2463 673 2512; x_wconf 90' lang='lat'><strong>4.</strong></span> <span class='ocrx_word' id='word_1_234' title='bbox 714 2462 799 2511; x_wconf 84' lang='grc'><strong>35.</strong></span> <span class='ocrx_word' id='word_1_235' title='bbox 1661 2459 2042 2526; x_wconf 72' lang='lat' dir='ltr'><strong>experiwntur.</strong></span> <span class='ocrx_word' id='word_1_236' title='bbox 2116 2454 2278 2510; x_wconf 86' lang='lat' dir='ltr'><strong>Sinn.</strong></span> <span class='ocrx_word' id='word_1_237' title='bbox 2327 2455 2441 2510; x_wconf 89' lang='lat' dir='ltr'><strong>und</strong></span> <span class='ocrx_word' id='word_1_238' title='bbox 2476 2454 2664 2510; x_wconf 89' lang='lat' dir='ltr'><strong>haben</strong></span> <span class='ocrx_word' id='word_1_239' title='bbox 2699 2424 2788 2509; x_wconf 76' lang='lat' dir='ltr'><strong>zu-</strong></span> 
     </span>
     <span class='ocr_line' id='line_1_27' title="bbox 497 2525 2788 2595; baseline -0.001 -13"><span class='ocrx_word' id='word_1_240' title='bbox 497 2535 545 2582; x_wconf 88' lang='grc'>9.</span> <span class='ocrx_word' id='word_1_241' title='bbox 584 2545 723 2584; x_wconf 74' lang='lat' dir='ltr'><strong>eum</strong></span> <span class='ocrx_word' id='word_1_242' title='bbox 760 2528 1157 2582; x_wconf 74' lang='lat' dir='ltr'><strong>custodibus</strong></span> <span class='ocrx_word' id='word_1_243' title='bbox 1195 2543 1271 2581; x_wconf 87' lang='lat' dir='ltr'><strong>sc.</strong></span> <span class='ocrx_word' id='word_1_244' title='bbox 1310 2528 1556 2595; x_wconf 77' lang='lat' dir='ltr'><strong>eorporis</strong></span> <span class='ocrx_word' id='word_1_245' title='bbox 1702 2527 1854 2582; x_wconf 88' lang='lat' dir='ltr'><strong>leich</strong></span> <span class='ocrx_word' id='word_1_246' title='bbox 1904 2527 1996 2583; x_wconf 88' lang='lat' dir='ltr'><strong>die</strong></span> <span class='ocrx_word' id='word_1_247' title='bbox 2040 2526 2198 2582; x_wconf 87' lang='lat' dir='ltr'><strong>beste</strong></span> <span class='ocrx_word' id='word_1_248' title='bbox 2247 2525 2644 2595; x_wconf 82' lang='lat' dir='ltr'><strong>Gelegenheit‚</strong></span> <span class='ocrx_word' id='word_1_249' title='bbox 2697 2525 2788 2580; x_wconf 89' lang='lat' dir='ltr'><strong>die</strong></span> 
     </span>
    </p>
   </div>
   <div class='ocr_carea' id='block_1_4' title="bbox 419 2597 1559 4374">
    <p class='ocr_par' dir='ltr' id='par_1_4' title="bbox 424 2597 1558 2883">
     <span class='ocr_line' id='line_1_28' title="bbox 424 2597 1554 2685; baseline -0.003 -31"><span class='ocrx_word' id='word_1_250' title='bbox 424 2599 476 2654; x_wconf 92' lang='lat' dir='ltr'><strong>d.</strong></span> <span class='ocrx_word' id='word_1_251' title='bbox 534 2599 572 2654; x_wconf 89' lang='lat' dir='ltr'><strong>i.</strong></span> <span class='ocrx_word' id='word_1_252' title='bbox 630 2599 781 2654; x_wconf 90' lang='lat' dir='ltr'><strong>hier·</strong></span> <span class='ocrx_word' id='word_1_253' title='bbox 848 2599 958 2652; x_wconf 88' lang='lat' dir='ltr'><strong>den</strong></span> <span class='ocrx_word' id='word_1_254' title='bbox 1018 2597 1232 2685; x_wconf 66' lang='lat' dir='ltr'><strong>konigl.</strong></span> <span class='ocrx_word' id='word_1_255' title='bbox 1291 2597 1554 2654; x_wconf 84' lang='lat' dir='ltr'><strong>General-</strong></span> 
     </span>
     <span class='ocr_line' id='line_1_29' title="bbox 425 2665 1557 2740; baseline -0.002 -14"><span class='ocrx_word' id='word_1_256' title='bbox 425 2670 519 2740; x_wconf 80' lang='lat' dir='ltr'><strong>adj</strong></span> <span class='ocrx_word' id='word_1_257' title='bbox 524 2671 759 2725; x_wconf 82' lang='lat' dir='ltr'><strong>utanten</strong></span> <span class='ocrx_word' id='word_1_258' title='bbox 778 2665 1319 2740; x_wconf 73' lang='grc' dir='ltr'>(σωματοφύλακες).</span> <span class='ocrx_word' id='word_1_259' title='bbox 1370 2669 1436 2722; x_wconf 90' lang='lat' dir='ltr'><strong>In</strong></span> <span class='ocrx_word' id='word_1_260' title='bbox 1462 2668 1557 2724; x_wconf 82' lang='lat' dir='ltr'><strong>die</strong></span> 
     </span>
     <span class='ocr_line' id='line_1_30' title="bbox 424 2739 1558 2810; baseline -0.002 -14"><span class='ocrx_word' id='word_1_261' title='bbox 424 2741 565 2796; x_wconf 86' lang='lat' dir='ltr'><strong>Zahl</strong></span> <span class='ocrx_word' id='word_1_262' title='bbox 601 2742 898 2798; x_wconf 84' lang='lat' dir='ltr'><strong>derselben</strong></span> <span class='ocrx_word' id='word_1_263' title='bbox 944 2741 1137 2796; x_wconf 79' lang='lat' dir='ltr'><strong>wurde</strong></span> <span class='ocrx_word' id='word_1_264' title='bbox 1172 2739 1558 2810; x_wconf 85' lang='lat' dir='ltr'><strong>Hephaestion</strong></span> 
     </span>
     <span class='ocr_line' id='line_1_31' title="bbox 425 2813 1253 2883; baseline -0.002 -16"><span class='ocrx_word' id='word_1_265' title='bbox 425 2815 541 2867; x_wconf 84' lang='lat' dir='ltr'><strong>erst</strong></span> <span class='ocrx_word' id='word_1_266' title='bbox 576 2814 768 2882; x_wconf 63' lang='lat' dir='ltr'><strong>apator</strong></span> <span class='ocrx_word' id='word_1_267' title='bbox 802 2813 1253 2883; x_wconf 80' lang='lat' dir='ltr'><strong>aufgenommen.</strong></span> 
     </span>
    </p>

    <p class='ocr_par' dir='ltr' id='par_1_5' title="bbox 419 2881 1558 4374">
     <span class='ocr_line' id='line_1_32' title="bbox 497 2881 1558 2950; baseline -0.001 -13"><span class='ocrx_word' id='word_1_268' title='bbox 497 2890 581 2938; x_wconf 89' lang='grc'><strong>10.</strong></span> <span class='ocrx_word' id='word_1_269' title='bbox 632 2885 901 2939; x_wconf 84' lang='lat' dir='ltr'><strong>meliore</strong></span> <span class='ocrx_word' id='word_1_270' title='bbox 936 2885 1257 2950; x_wconf 75' lang='lat' dir='ltr'><strong>hostium,</strong></span> <span class='ocrx_word' id='word_1_271' title='bbox 1293 2882 1385 2936; x_wconf 88' lang='lat' dir='ltr'><strong>die</strong></span> <span class='ocrx_word' id='word_1_272' title='bbox 1422 2881 1558 2937; x_wconf 87' lang='lat' dir='ltr'><strong>Fas-</strong></span> 
     </span>
     <span class='ocr_line' id='line_1_33' title="bbox 424 2952 1557 3026; baseline -0.002 -16"><span class='ocrx_word' id='word_1_273' title='bbox 424 2973 567 3026; x_wconf 86' lang='lat' dir='ltr'><strong>sung</strong></span> <span class='ocrx_word' id='word_1_274' title='bbox 582 2954 681 3010; x_wconf 87' lang='lat' dir='ltr'><strong>des</strong></span> <span class='ocrx_word' id='word_1_275' title='bbox 693 2955 1029 3011; x_wconf 84' lang='lat' dir='ltr'><strong>Gedankens</strong></span> <span class='ocrx_word' id='word_1_276' title='bbox 1043 2954 1204 3008; x_wconf 86' lang='lat' dir='ltr'><strong>nicht</strong></span> <span class='ocrx_word' id='word_1_277' title='bbox 1216 2953 1453 3022; x_wconf 82' lang='lat' dir='ltr'><strong>logisch.</strong></span> <span class='ocrx_word' id='word_1_278' title='bbox 1479 2952 1557 3008; x_wconf 85' lang='lat' dir='ltr'><strong>Es</strong></span> 
     </span>
     <span class='ocr_line' id='line_1_34' title="bbox 422 2974 1556 3082; baseline -0.003 -1"><span class='ocrx_word' id='word_1_279' title='bbox 422 2974 567 3082; x_wconf 86' lang='lat' dir='ltr'><strong>sindg</strong></span> <span class='ocrx_word' id='word_1_280' title='bbox 598 3026 736 3081; x_wconf 84' lang='lat' dir='ltr'><strong>zwei</strong></span> <span class='ocrx_word' id='word_1_281' title='bbox 790 3023 1264 3082; x_wconf 87' lang='lat' dir='ltr'><strong>Construktionen</strong></span> <span class='ocrx_word' id='word_1_282' title='bbox 1317 3025 1556 3078; x_wconf 76' lang='lat' dir='ltr'><strong>hostium</strong></span> 
     </span>
     <span class='ocr_line' id='line_1_35' title="bbox 422 3094 1552 3236; baseline -0.004 -13"><span class='ocrx_word' id='word_1_283' title='bbox 422 3115 551 3224; x_wconf 46' lang='grc' dir='ltr'><strong>’ἐξ</strong></span> <span class='ocrx_word' id='word_1_284' title='bbox 551 3097 797 3223; x_wconf 60' lang='grc' dir='ltr'>’12Ἷέ</span> <span class='ocrx_word' id='word_1_285' title='bbox 832 3099 1089 3222; x_wconf 56' lang='lat' dir='ltr'><strong>ma.</strong></span> <span class='ocrx_word' id='word_1_286' title='bbox 1114 3096 1391 3236; x_wconf 48' lang='lat' dir='ltr'><strong>tate&gt;</strong></span> <span class='ocrx_word' id='word_1_287' title='bbox 1414 3094 1552 3220; x_wconf 64' lang='grc' dir='ltr'><strong>(ἔὲἓζ</strong></span> 
     </span>
     <span class='ocr_line' id='line_1_36' title="bbox 422 3236 1552 3306; baseline -0.004 -12"><span class='ocrx_word' id='word_1_288' title='bbox 422 3239 647 3306; x_wconf 83' lang='lat' dir='ltr'><strong>mischt‚</strong></span> <span class='ocrx_word' id='word_1_289' title='bbox 680 3238 868 3293; x_wconf 89' lang='lat' dir='ltr'><strong>indem</strong></span> <span class='ocrx_word' id='word_1_290' title='bbox 898 3239 988 3294; x_wconf 82' lang='lat' dir='ltr'><strong>die</strong></span> <span class='ocrx_word' id='word_1_291' title='bbox 1018 3236 1552 3292; x_wconf 83' lang='lat' dir='ltr'><strong>Genetivconstruk-</strong></span> 
     </span>
     <span class='ocr_line' id='line_1_37' title="bbox 419 3307 1555 3377; baseline -0.002 -12"><span class='ocrx_word' id='word_1_292' title='bbox 419 3309 560 3377; x_wconf 89' lang='lat' dir='ltr'><strong>tion,</strong></span> <span class='ocrx_word' id='word_1_293' title='bbox 590 3309 682 3364; x_wconf 89' lang='lat' dir='ltr'><strong>die</strong></span> <span class='ocrx_word' id='word_1_294' title='bbox 709 3310 861 3364; x_wconf 87' lang='lat' dir='ltr'><strong>beim</strong></span> <span class='ocrx_word' id='word_1_295' title='bbox 879 3309 1095 3364; x_wconf 84' lang='lat' dir='ltr'><strong>Positiv</strong></span> <span class='ocrx_word' id='word_1_296' title='bbox 1114 3307 1267 3363; x_wconf 82' lang='lat' dir='ltr'><strong>wohl</strong></span> <span class='ocrx_word' id='word_1_297' title='bbox 1286 3307 1555 3363; x_wconf 84' lang='lat' dir='ltr'><strong>statthaft</strong></span> 
     </span>
     <span class='ocr_line' id='line_1_38' title="bbox 420 3379 1554 3450; baseline -0.001 -15"><span class='ocrx_word' id='word_1_298' title='bbox 420 3381 499 3436; x_wconf 88' lang='lat' dir='ltr'><strong>ist</strong></span> <span class='ocrx_word' id='word_1_299' title='bbox 554 3381 641 3450; x_wconf 81' lang='lat' dir='ltr'><strong>[so</strong></span> <span class='ocrx_word' id='word_1_300' title='bbox 690 3380 812 3435; x_wconf 84' lang='lat' dir='ltr'><strong>Liv.</strong></span> <span class='ocrx_word' id='word_1_301' title='bbox 868 3386 919 3436; x_wconf 91' lang='grc'><strong>2.</strong></span> <span class='ocrx_word' id='word_1_302' title='bbox 968 3386 1053 3434; x_wconf 86' lang='grc'><strong>23.</strong></span> <span class='ocrx_word' id='word_1_303' title='bbox 1103 3384 1137 3433; x_wconf 80' lang='lat'><strong>5</strong></span> <span class='ocrx_word' id='word_1_304' title='bbox 1199 3379 1394 3448; x_wconf 71' lang='lat' dir='ltr'><strong>iniquo</strong></span> <span class='ocrx_word' id='word_1_305' title='bbox 1453 3394 1554 3434; x_wconf 72' lang='lat' dir='ltr'><strong>suo</strong></span> 
     </span>
     <span class='ocr_line' id='line_1_39' title="bbox 420 3450 1553 3520; baseline -0.003 -12"><span class='ocrx_word' id='word_1_306' title='bbox 420 3458 655 3520; x_wconf 76' lang='lat' dir='ltr'><strong>tempore</strong></span> <span class='ocrx_word' id='word_1_307' title='bbox 690 3469 743 3505; x_wconf 91' lang='grc' dir='ltr'><strong>ιι.</strong></span> <span class='ocrx_word' id='word_1_308' title='bbox 782 3451 963 3506; x_wconf 68' lang='lat' dir='ltr'><strong>alieno</strong></span> <span class='ocrx_word' id='word_1_309' title='bbox 989 3456 1226 3518; x_wconf 77' lang='lat' dir='ltr'><strong>tempore</strong></span> <span class='ocrx_word' id='word_1_310' title='bbox 1250 3450 1553 3506; x_wconf 75' lang='lat' dir='ltr'><strong>venditoris</strong></span> 
     </span>
     <span class='ocr_line' id='line_1_40' title="bbox 419 3519 1554 3593; baseline -0.002 -16"><span class='ocrx_word' id='word_1_311' title='bbox 419 3523 516 3578; x_wconf 88' lang='lat' dir='ltr'><strong>bei</strong></span> <span class='ocrx_word' id='word_1_312' title='bbox 558 3521 791 3593; x_wconf 86' lang='lat' dir='ltr'><strong>Varro]‚</strong></span> <span class='ocrx_word' id='word_1_313' title='bbox 847 3520 1209 3590; x_wconf 80' lang='lat' dir='ltr'><strong>unlogischer</strong></span> <span class='ocrx_word' id='word_1_314' title='bbox 1252 3519 1443 3574; x_wconf 85' lang='lat' dir='ltr'><strong>Weise</strong></span> <span class='ocrx_word' id='word_1_315' title='bbox 1492 3521 1554 3575; x_wconf 84' lang='lat' dir='ltr'><strong>in</strong></span> 
     </span>
     <span class='ocr_line' id='line_1_41' title="bbox 421 3591 1556 3662; baseline -0.002 -13"><span class='ocrx_word' id='word_1_316' title='bbox 421 3593 793 3662; x_wconf 81' lang='lat' dir='ltr'><strong>Verbindung</strong></span> <span class='ocrx_word' id='word_1_317' title='bbox 844 3591 953 3646; x_wconf 87' lang='lat' dir='ltr'><strong>mit</strong></span> <span class='ocrx_word' id='word_1_318' title='bbox 1004 3592 1133 3647; x_wconf 88' lang='lat' dir='ltr'><strong>dem</strong></span> <span class='ocrx_word' id='word_1_319' title='bbox 1192 3591 1556 3660; x_wconf 84' lang='lat' dir='ltr'><strong>Comparativ</strong></span> 
     </span>
     <span class='ocr_line' id='line_1_42' title="bbox 419 3662 1559 3804; baseline -0.004 -12"><span class='ocrx_word' id='word_1_320' title='bbox 419 3665 813 3792; x_wconf 49' lang='lat'><strong>3333...</strong></span> <span class='ocrx_word' id='word_1_321' title='bbox 836 3662 1064 3804; x_wconf 60' lang='lat' dir='ltr'><strong>m.</strong></span> <span class='ocrx_word' id='word_1_322' title='bbox 1077 3663 1395 3802; x_wconf 50' lang='lat' dir='ltr'><strong>rem-gs</strong></span> <span class='ocrx_word' id='word_1_323' title='bbox 1402 3679 1559 3788; x_wconf 62' lang='lat' dir='ltr'><strong>m-</strong></span> 
     </span>
     <span class='ocr_line' id='line_1_43' title="bbox 421 3805 1554 3878; baseline -0.004 -15"><span class='ocrx_word' id='word_1_324' title='bbox 421 3813 793 3878; x_wconf 74' lang='lat' dir='ltr'><strong>oppo-rtunwm</strong></span> <span class='ocrx_word' id='word_1_325' title='bbox 841 3805 920 3861; x_wconf 84' lang='lat' dir='ltr'><strong>ist</strong></span> <span class='ocrx_word' id='word_1_326' title='bbox 974 3806 1285 3861; x_wconf 73' lang='lat' dir='ltr'><strong>allerwarts</strong></span> <span class='ocrx_word' id='word_1_327' title='bbox 1337 3805 1554 3874; x_wconf 72' lang='lat' dir='ltr'><strong>haufig.</strong></span> 
     </span>
     <span class='ocr_line' id='line_1_44' title="bbox 422 3874 1552 3946; baseline -0.005 -11"><span class='ocrx_word' id='word_1_328' title='bbox 422 3909 491 3920; x_wconf 89' lang='lat'><strong>-—</strong></span> <span class='ocrx_word' id='word_1_329' title='bbox 529 3884 691 3935; x_wconf 73' lang='lat' dir='ltr'><strong>ante</strong></span> <span class='ocrx_word' id='word_1_330' title='bbox 733 3883 861 3934; x_wconf 79' lang='lat' dir='ltr'><strong>rat.</strong></span> <span class='ocrx_word' id='word_1_331' title='bbox 900 3882 1009 3932; x_wconf 79' lang='lat' dir='ltr'><strong>est.</strong></span> <span class='ocrx_word' id='word_1_332' title='bbox 1083 3876 1210 3946; x_wconf 75' lang='lat' dir='ltr'><strong>VgL</strong></span> <span class='ocrx_word' id='word_1_333' title='bbox 1253 3874 1389 3930; x_wconf 85' lang='lat' dir='ltr'><strong>Sall.</strong></span> <span class='ocrx_word' id='word_1_334' title='bbox 1432 3875 1552 3933; x_wconf 89' lang='lat' dir='ltr'><strong>Cat.</strong></span> 
     </span>
     <span class='ocr_line' id='line_1_45' title="bbox 423 3948 1550 4014; baseline -0.003 -9"><span class='ocrx_word' id='word_1_335' title='bbox 423 3956 509 4005; x_wconf 83' lang='lat'><strong>53.</strong></span> <span class='ocrx_word' id='word_1_336' title='bbox 548 3957 581 4005; x_wconf 82' lang='lat'><strong>3</strong></span> <span class='ocrx_word' id='word_1_337' title='bbox 630 3951 822 4006; x_wconf 77' lang='lat' dir='ltr'><strong>Gallos</strong></span> <span class='ocrx_word' id='word_1_338' title='bbox 866 3955 995 4004; x_wconf 73' lang='lat' dir='ltr'><strong>ante</strong></span> <span class='ocrx_word' id='word_1_339' title='bbox 1034 3948 1314 4003; x_wconf 74' lang='lat' dir='ltr'><strong>Romano-9</strong></span> <span class='ocrx_word' id='word_1_340' title='bbox 1360 3948 1550 4014; x_wconf 73' lang='lat' dir='ltr'><strong>fuisse.</strong></span> 
     </span>
     <span class='ocr_line' id='line_1_46' title="bbox 423 4019 1554 4091; baseline -0.004 -14"><span class='ocrx_word' id='word_1_341' title='bbox 423 4021 587 4078; x_wconf 83' lang='lat' dir='ltr'><strong>Sinn.</strong></span> <span class='ocrx_word' id='word_1_342' title='bbox 636 4021 795 4076; x_wconf 86' lang='lat' dir='ltr'><strong>Noth</strong></span> <span class='ocrx_word' id='word_1_343' title='bbox 832 4021 971 4091; x_wconf 83' lang='lat' dir='ltr'><strong>geht</strong></span> <span class='ocrx_word' id='word_1_344' title='bbox 1005 4021 1145 4074; x_wconf 80' lang='lat' dir='ltr'><strong>uber</strong></span> <span class='ocrx_word' id='word_1_345' title='bbox 1180 4019 1554 4088; x_wconf 78' lang='lat' dir='ltr'><strong>Berechnung</strong></span> 
     </span>
     <span class='ocr_line' id='line_1_47' title="bbox 421 4089 1554 4162; baseline -0.004 -14"><span class='ocrx_word' id='word_1_346' title='bbox 421 4093 476 4148; x_wconf 88' lang='lat' dir='ltr'><strong>d.</strong></span> <span class='ocrx_word' id='word_1_347' title='bbox 514 4094 569 4147; x_wconf 88' lang='lat' dir='ltr'><strong>h.</strong></span> <span class='ocrx_word' id='word_1_348' title='bbox 616 4092 773 4147; x_wconf 82' lang='lat' dir='ltr'><strong>wirft</strong></span> <span class='ocrx_word' id='word_1_349' title='bbox 814 4091 1191 4162; x_wconf 82' lang='lat' dir='ltr'><strong>gebieterisch</strong></span> <span class='ocrx_word' id='word_1_350' title='bbox 1226 4089 1339 4152; x_wconf 85' lang='lat' dir='ltr'><strong>alle</strong></span> <span class='ocrx_word' id='word_1_351' title='bbox 1376 4089 1554 4144; x_wconf 72' lang='lat' dir='ltr'><strong>Plane</strong></span> 
     </span>
     <span class='ocr_line' id='line_1_48' title="bbox 422 4160 1557 4219; baseline -0.001 -2"><span class='ocrx_word' id='word_1_352' title='bbox 422 4164 563 4219; x_wconf 71' lang='lat' dir='ltr'><strong>iiber</strong></span> <span class='ocrx_word' id='word_1_353' title='bbox 590 4164 701 4218; x_wconf 83' lang='lat' dir='ltr'><strong>den</strong></span> <span class='ocrx_word' id='word_1_354' title='bbox 726 4163 964 4219; x_wconf 86' lang='lat' dir='ltr'><strong>Haufen.</strong></span> <span class='ocrx_word' id='word_1_355' title='bbox 1027 4164 1219 4218; x_wconf 77' lang='lat' dir='ltr'><strong>Etwas</strong></span> <span class='ocrx_word' id='word_1_356' title='bbox 1250 4160 1452 4216; x_wconf 78' lang='lat' dir='ltr'><strong>andere</strong></span> <span class='ocrx_word' id='word_1_357' title='bbox 1476 4160 1557 4216; x_wconf 85' lang='lat' dir='ltr'><strong>ist</strong></span> 
     </span>
     <span class='ocr_line' id='line_1_49' title="bbox 422 4233 1556 4302; baseline 0.001 -15"><span class='ocrx_word' id='word_1_358' title='bbox 422 4234 527 4288; x_wconf 83' lang='lat' dir='ltr'><strong>der</strong></span> <span class='ocrx_word' id='word_1_359' title='bbox 544 4234 812 4288; x_wconf 80' lang='lat' dir='ltr'><strong>Gedanke</strong></span> <span class='ocrx_word' id='word_1_360' title='bbox 842 4241 891 4289; x_wconf 88' lang='grc'>8.</span> <span class='ocrx_word' id='word_1_361' title='bbox 909 4240 960 4290; x_wconf 90' lang='lat'><strong>4.</strong></span> <span class='ocrx_word' id='word_1_362' title='bbox 982 4241 1046 4288; x_wconf 83' lang='lat'><strong>11</strong></span> <span class='ocrx_word' id='word_1_363' title='bbox 1073 4233 1353 4302; x_wconf 67' lang='lat' dir='ltr'><strong>efficacior</strong></span> <span class='ocrx_word' id='word_1_364' title='bbox 1366 4234 1457 4299; x_wconf 58' lang='grc' dir='ltr'><strong>(ει</strong></span> <span class='ocrx_word' id='word_1_365' title='bbox 1472 4247 1556 4288; x_wconf 88' lang='lat' dir='ltr'><strong>er-</strong></span> 
     </span>
     <span class='ocr_line' id='line_1_50' title="bbox 422 4302 1554 4374; baseline 0.004 -17"><span class='ocrx_word' id='word_1_366' title='bbox 422 4302 812 4372; x_wconf 85' lang='lat' dir='ltr'><strong>finderischer)</strong></span> <span class='ocrx_word' id='word_1_367' title='bbox 858 4307 1149 4362; x_wconf 72' lang='lat' dir='ltr'><strong>necessitas</strong></span> <span class='ocrx_word' id='word_1_368' title='bbox 1184 4320 1349 4374; x_wconf 76' lang='lat' dir='ltr'><strong>quam</strong></span> <span class='ocrx_word' id='word_1_369' title='bbox 1390 4303 1554 4362; x_wconf 77' lang='lat' dir='ltr'><strong>ratio.</strong></span> 
     </span>
    </p>
   </div>
   <div class='ocr_carea' id='block_1_5' title="bbox 1660 2595 2812 4373">
    <p class='ocr_par' dir='ltr' id='par_1_6' title="bbox 1661 2595 2788 3306">
     <span class='ocr_line' id='line_1_51' title="bbox 1715 2595 2788 2666; baseline -0.002 -12"><span class='ocrx_word' id='word_1_370' title='bbox 1715 2605 1868 2654; x_wconf 70' lang='lat' dir='ltr'><strong>ronse</strong></span> <span class='ocrx_word' id='word_1_371' title='bbox 1887 2615 2115 2654; x_wconf 87' lang='lat' dir='ltr'><strong>unseres</strong></span> <span class='ocrx_word' id='word_1_372' title='bbox 2133 2598 2357 2652; x_wconf 83' lang='lat' dir='ltr'><strong>Muthes</strong></span> <span class='ocrx_word' id='word_1_373' title='bbox 2371 2598 2432 2651; x_wconf 88' lang='lat' dir='ltr'><strong>in</strong></span> <span class='ocrx_word' id='word_1_374' title='bbox 2445 2595 2788 2666; x_wconf 86' lang='lat' dir='ltr'><strong>demKriege</strong></span> 
     </span>
     <span class='ocr_line' id='line_1_52' title="bbox 1663 2667 2788 2734; baseline -0.002 -10"><span class='ocrx_word' id='word_1_375' title='bbox 1663 2671 1772 2724; x_wconf 91' lang='lat' dir='ltr'><strong>mit</strong></span> <span class='ocrx_word' id='word_1_376' title='bbox 1807 2669 1990 2724; x_wconf 86' lang='lat' dir='ltr'><strong>einem</strong></span> <span class='ocrx_word' id='word_1_377' title='bbox 2035 2667 2298 2724; x_wconf 85' lang='lat' dir='ltr'><strong>andern</strong></span> <span class='ocrx_word' id='word_1_378' title='bbox 2334 2667 2550 2724; x_wconf 83' lang='lat' dir='ltr'><strong>Volke</strong></span> <span class='ocrx_word' id='word_1_379' title='bbox 2585 2669 2788 2734; x_wconf 74' lang='lat' dir='ltr'><strong>(alieno</strong></span> 
     </span>
     <span class='ocr_line' id='line_1_53' title="bbox 1665 2741 2786 2808; baseline -0.004 -12"><span class='ocrx_word' id='word_1_380' title='bbox 1665 2741 1854 2796; x_wconf 77' lang='lat' dir='ltr'><strong>Marte</strong></span> <span class='ocrx_word' id='word_1_381' title='bbox 1880 2741 1988 2796; x_wconf 85' lang='lat' dir='ltr'><strong>wie</strong></span> <span class='ocrx_word' id='word_1_382' title='bbox 2014 2741 2260 2796; x_wconf 70' lang='lat' dir='ltr'><strong>alienum</strong></span> <span class='ocrx_word' id='word_1_383' title='bbox 2293 2741 2589 2794; x_wconf 71' lang='lat' dir='ltr'><strong>discrimen</strong></span> <span class='ocrx_word' id='word_1_384' title='bbox 2615 2745 2666 2794; x_wconf 94' lang='lat'><strong>4.</strong></span> <span class='ocrx_word' id='word_1_385' title='bbox 2697 2741 2786 2808; x_wconf 77' lang='lat'><strong>35)</strong></span> 
     </span>
     <span class='ocr_line' id='line_1_54' title="bbox 1663 2811 2786 2877; baseline -0.002 -12"><span class='ocrx_word' id='word_1_386' title='bbox 1663 2812 1890 2867; x_wconf 85' lang='lat' dir='ltr'><strong>kennen</strong></span> <span class='ocrx_word' id='word_1_387' title='bbox 1916 2830 1984 2866; x_wconf 90' lang='grc' dir='ltr'><strong>ιιι</strong></span> <span class='ocrx_word' id='word_1_388' title='bbox 2011 2812 2221 2866; x_wconf 89' lang='lat' dir='ltr'><strong>lernen.</strong></span> <span class='ocrx_word' id='word_1_389' title='bbox 2243 2841 2310 2852; x_wconf 83' lang='lat'><strong>-—</strong></span> <span class='ocrx_word' id='word_1_390' title='bbox 2337 2811 2639 2877; x_wconf 75' lang='lat' dir='ltr'><strong>fortuna.</strong></span> <span class='ocrx_word' id='word_1_391' title='bbox 2677 2811 2786 2864; x_wconf 87' lang='lat' dir='ltr'><strong>Un-</strong></span> 
     </span>
     <span class='ocr_line' id='line_1_55' title="bbox 1666 2881 2786 2938; baseline -0.004 0"><span class='ocrx_word' id='word_1_392' title='bbox 1666 2883 2012 2938; x_wconf 77' lang='lat' dir='ltr'><strong>aweifelhaft</strong></span> <span class='ocrx_word' id='word_1_393' title='bbox 2036 2899 2154 2937; x_wconf 80' lang='lat' dir='ltr'><strong>war</strong></span> <span class='ocrx_word' id='word_1_394' title='bbox 2179 2882 2314 2937; x_wconf 82' lang='lat' dir='ltr'><strong>aber</strong></span> <span class='ocrx_word' id='word_1_395' title='bbox 2339 2881 2500 2936; x_wconf 86' lang='lat' dir='ltr'><strong>nicht</strong></span> <span class='ocrx_word' id='word_1_396' title='bbox 2527 2882 2628 2936; x_wconf 90' lang='lat' dir='ltr'><strong>der</strong></span> <span class='ocrx_word' id='word_1_397' title='bbox 2648 2882 2786 2934; x_wconf 85' lang='lat' dir='ltr'><strong>Aus-</strong></span> 
     </span>
     <span class='ocr_line' id='line_1_56' title="bbox 1663 2951 2786 3024; baseline -0.004 -14"><span class='ocrx_word' id='word_1_398' title='bbox 1663 2971 1816 3024; x_wconf 82' lang='lat' dir='ltr'><strong>gang</strong></span> <span class='ocrx_word' id='word_1_399' title='bbox 1845 2954 1942 3008; x_wconf 89' lang='lat' dir='ltr'><strong>des</strong></span> <span class='ocrx_word' id='word_1_400' title='bbox 1967 2953 2257 3022; x_wconf 87' lang='lat' dir='ltr'><strong>Kampfes,</strong></span> <span class='ocrx_word' id='word_1_401' title='bbox 2297 2953 2538 3008; x_wconf 88' lang='lat' dir='ltr'><strong>sondern</strong></span> <span class='ocrx_word' id='word_1_402' title='bbox 2563 2970 2670 3006; x_wconf 89' lang='lat' dir='ltr'><strong>nur</strong></span> <span class='ocrx_word' id='word_1_403' title='bbox 2697 2951 2786 3006; x_wconf 89' lang='lat' dir='ltr'><strong>die</strong></span> 
     </span>
     <span class='ocr_line' id='line_1_57' title="bbox 1661 3023 2786 3095; baseline -0.002 -15"><span class='ocrx_word' id='word_1_404' title='bbox 1661 3025 1922 3095; x_wconf 83' lang='lat' dir='ltr'><strong>Folgen</strong></span> <span class='ocrx_word' id='word_1_405' title='bbox 1965 3023 2288 3092; x_wconf 86' lang='lat' dir='ltr'><strong>desselben·</strong></span> <span class='ocrx_word' id='word_1_406' title='bbox 2342 3023 2519 3078; x_wconf 86' lang='lat' dir='ltr'><strong>daher</strong></span> <span class='ocrx_word' id='word_1_407' title='bbox 2570 3024 2646 3078; x_wconf 83' lang='lat' dir='ltr'><strong>ist</strong></span> <span class='ocrx_word' id='word_1_408' title='bbox 2697 3023 2786 3078; x_wconf 89' lang='lat' dir='ltr'><strong>die</strong></span> 
     </span>
     <span class='ocr_line' id='line_1_58' title="bbox 1664 3094 2787 3162; baseline -0.002 -12"><span class='ocrx_word' id='word_1_409' title='bbox 1664 3096 1841 3150; x_wconf 75' lang='lat' dir='ltr'><strong>Stelle</strong></span> <span class='ocrx_word' id='word_1_410' title='bbox 1868 3094 2424 3152; x_wconf 80' lang='lat' dir='ltr'><strong>befremdlich.F1&#39;ir</strong></span> <span class='ocrx_word' id='word_1_411' title='bbox 2448 3096 2683 3162; x_wconf 71' lang='lat' dir='ltr'><strong>fortuna</strong></span> <span class='ocrx_word' id='word_1_412' title='bbox 2705 3111 2787 3148; x_wconf 92' lang='lat' dir='ltr'><strong>er-</strong></span> 
     </span>
     <span class='ocr_line' id='line_1_59' title="bbox 1661 3165 2787 3235; baseline -0.003 -13"><span class='ocrx_word' id='word_1_413' title='bbox 1661 3168 1866 3222; x_wconf 81' lang='lat' dir='ltr'><strong>wartet</strong></span> <span class='ocrx_word' id='word_1_414' title='bbox 1900 3181 2032 3220; x_wconf 86' lang='lat' dir='ltr'><strong>man</strong></span> <span class='ocrx_word' id='word_1_415' title='bbox 2069 3167 2289 3234; x_wconf 76' lang='lat' dir='ltr'><strong>effectus</strong></span> <span class='ocrx_word' id='word_1_416' title='bbox 2324 3171 2398 3232; x_wconf 90' lang='lat'><strong>(8.</strong></span> <span class='ocrx_word' id='word_1_417' title='bbox 2437 3171 2486 3220; x_wconf 90' lang='grc'><strong>9.</strong></span> <span class='ocrx_word' id='word_1_418' title='bbox 2527 3168 2618 3235; x_wconf 85' lang='grc'><strong>28)</strong></span> <span class='ocrx_word' id='word_1_419' title='bbox 2656 3165 2787 3221; x_wconf 83' lang='lat' dir='ltr'><strong>oder</strong></span> 
     </span>
     <span class='ocr_line' id='line_1_60' title="bbox 1661 3236 2784 3306; baseline -0.004 -13"><span class='ocrx_word' id='word_1_420' title='bbox 1661 3240 1836 3293; x_wconf 83' lang='lat' dir='ltr'><strong>etwas</strong></span> <span class='ocrx_word' id='word_1_421' title='bbox 1883 3237 2243 3294; x_wconf 88' lang='lat' dir='ltr'><strong>Aehnliches.</strong></span> <span class='ocrx_word' id='word_1_422' title='bbox 2329 3236 2382 3293; x_wconf 82' lang='lat' dir='ltr'><strong>S.</strong></span> <span class='ocrx_word' id='word_1_423' title='bbox 2429 3237 2484 3292; x_wconf 89' lang='lat' dir='ltr'><strong>d.</strong></span> <span class='ocrx_word' id='word_1_424' title='bbox 2528 3237 2784 3306; x_wconf 83' lang='lat' dir='ltr'><strong>Anhang.</strong></span> 
     </span>
    </p>

    <p class='ocr_par' dir='ltr' id='par_1_7' title="bbox 1661 3309 2786 3660">
     <span class='ocr_line' id='line_1_61' title="bbox 1736 3309 2786 3373; baseline 0 -11"><span class='ocrx_word' id='word_1_425' title='bbox 1736 3315 1818 3365; x_wconf 84' lang='grc'><strong>12.</strong></span> <span class='ocrx_word' id='word_1_426' title='bbox 1889 3309 2094 3364; x_wconf 81' lang='lat' dir='ltr'><strong>etiam</strong></span> <span class='ocrx_word' id='word_1_427' title='bbox 2155 3309 2318 3364; x_wconf 80' lang='lat' dir='ltr'><strong>Eur.</strong></span> <span class='ocrx_word' id='word_1_428' title='bbox 2383 3309 2786 3373; x_wconf 69' lang='lat' dir='ltr'><strong>victoribm,</strong></span> 
     </span>
     <span class='ocr_line' id='line_1_62' title="bbox 1661 3347 2786 3450; baseline -0.002 -16"><span class='ocrx_word' id='word_1_429' title='bbox 1661 3380 2060 3450; x_wconf 80' lang='lat' dir='ltr'><strong>hypothetisch</strong></span> <span class='ocrx_word' id='word_1_430' title='bbox 2105 3378 2214 3436; x_wconf 80' lang='lat' dir='ltr'><strong>wie</strong></span> <span class='ocrx_word' id='word_1_431' title='bbox 2259 3395 2496 3434; x_wconf 78' lang='lat' dir='ltr'><strong>emensos</strong></span> <span class='ocrx_word' id='word_1_432' title='bbox 2540 3347 2786 3436; x_wconf 78' lang='lat'><strong>3.10.5&#39;</strong></span> 
     </span>
     <span class='ocr_line' id='line_1_63' title="bbox 1661 3449 2786 3520; baseline -0.003 -14"><span class='ocrx_word' id='word_1_433' title='bbox 1661 3470 1714 3506; x_wconf 88' lang='lat' dir='ltr'><strong>u.</strong></span> <span class='ocrx_word' id='word_1_434' title='bbox 1767 3457 1820 3506; x_wconf 82' lang='grc' dir='ltr'><strong>ὃ.</strong></span> <span class='ocrx_word' id='word_1_435' title='bbox 1910 3451 2177 3520; x_wconf 72' lang='lat' dir='ltr'><strong>Europae</strong></span> <span class='ocrx_word' id='word_1_436' title='bbox 2239 3449 2640 3520; x_wconf 79' lang='lat' dir='ltr'><strong>hyperbolisch</strong></span> <span class='ocrx_word' id='word_1_437' title='bbox 2700 3450 2786 3503; x_wconf 77' lang='lat' dir='ltr'><strong>fur</strong></span> 
     </span>
     <span class='ocr_line' id='line_1_64' title="bbox 1663 3521 2783 3594; baseline -0.004 -15"><span class='ocrx_word' id='word_1_438' title='bbox 1663 3523 1996 3594; x_wconf 72' lang='lat' dir='ltr'><strong>Scytharum</strong></span> <span class='ocrx_word' id='word_1_439' title='bbox 2057 3524 2124 3576; x_wconf 76' lang='lat' dir='ltr'><strong>in</strong></span> <span class='ocrx_word' id='word_1_440' title='bbox 2175 3521 2420 3590; x_wconf 76' lang='lat' dir='ltr'><strong>Europa</strong></span> <span class='ocrx_word' id='word_1_441' title='bbox 2482 3522 2783 3576; x_wconf 71' lang='lat' dir='ltr'><strong>colentium.</strong></span> 
     </span>
     <span class='ocr_line' id='line_1_65' title="bbox 1662 3594 2230 3660; baseline 0 -12"><span class='ocrx_word' id='word_1_442' title='bbox 1662 3594 1772 3650; x_wconf 84' lang='lat' dir='ltr'><strong>Zur</strong></span> <span class='ocrx_word' id='word_1_443' title='bbox 1810 3595 1990 3649; x_wconf 78' lang='lat' dir='ltr'><strong>Sache</strong></span> <span class='ocrx_word' id='word_1_444' title='bbox 2029 3611 2070 3650; x_wconf 90' lang='lat' dir='ltr'><strong>s.</strong></span> <span class='ocrx_word' id='word_1_445' title='bbox 2109 3600 2140 3660; x_wconf 69' lang='grc' dir='ltr'>ξ</span> <span class='ocrx_word' id='word_1_446' title='bbox 2179 3599 2230 3648; x_wconf 87' lang='grc'><strong>2.</strong></span> 
     </span>
    </p>

    <p class='ocr_par' dir='ltr' id='par_1_8' title="bbox 1660 3662 2812 4373">
     <span class='ocr_line' id='line_1_66' title="bbox 1737 3662 2786 3734; baseline -0.001 -16"><span class='ocrx_word' id='word_1_447' title='bbox 1737 3670 1820 3718; x_wconf 87' lang='grc'><strong>13.</strong></span> <span class='ocrx_word' id='word_1_448' title='bbox 1860 3667 2182 3720; x_wconf 76' lang='lat' dir='ltr'><strong>terminos</strong></span> <span class='ocrx_word' id='word_1_449' title='bbox 2215 3664 2501 3734; x_wconf 63' lang='lat' dir='ltr'><strong>gloriae,</strong></span> <span class='ocrx_word' id='word_1_450' title='bbox 2537 3664 2590 3720; x_wconf 87' lang='lat' dir='ltr'><strong>d.</strong></span> <span class='ocrx_word' id='word_1_451' title='bbox 2613 3664 2668 3718; x_wconf 91' lang='grc' dir='ltr'><strong>1ι.</strong></span> <span class='ocrx_word' id='word_1_452' title='bbox 2699 3662 2786 3718; x_wconf 81' lang='lat' dir='ltr'><strong>die</strong></span> 
     </span>
     <span class='ocr_line' id='line_1_67' title="bbox 1662 3734 2787 3806; baseline -0.003 -16"><span class='ocrx_word' id='word_1_453' title='bbox 1662 3735 1743 3806; x_wconf 85' lang='lat' dir='ltr'><strong>(in</strong></span> <span class='ocrx_word' id='word_1_454' title='bbox 1781 3735 1992 3790; x_wconf 82' lang='lat' dir='ltr'><strong>diesem</strong></span> <span class='ocrx_word' id='word_1_455' title='bbox 2026 3737 2172 3790; x_wconf 83' lang='lat' dir='ltr'><strong>Kam</strong></span> <span class='ocrx_word' id='word_1_456' title='bbox 2175 3734 2290 3806; x_wconf 80' lang='lat' dir='ltr'><strong>pse)</strong></span> <span class='ocrx_word' id='word_1_457' title='bbox 2318 3751 2578 3790; x_wconf 79' lang='lat' dir='ltr'><strong>unserem</strong></span> <span class='ocrx_word' id='word_1_458' title='bbox 2604 3735 2787 3790; x_wconf 85' lang='lat' dir='ltr'><strong>Ruhm</strong></span> 
     </span>
     <span class='ocr_line' id='line_1_68' title="bbox 1663 3804 2785 3878; baseline -0.004 -16"><span class='ocrx_word' id='word_1_459' title='bbox 1663 3806 1995 3878; x_wconf 81' lang='lat' dir='ltr'><strong>gesteckten</strong></span> <span class='ocrx_word' id='word_1_460' title='bbox 2041 3805 2219 3874; x_wconf 85' lang='lat' dir='ltr'><strong>Ziele,</strong></span> <span class='ocrx_word' id='word_1_461' title='bbox 2271 3807 2373 3860; x_wconf 89' lang='lat' dir='ltr'><strong>der</strong></span> <span class='ocrx_word' id='word_1_462' title='bbox 2416 3824 2486 3861; x_wconf 89' lang='grc' dir='ltr'><strong>ιιι</strong></span> <span class='ocrx_word' id='word_1_463' title='bbox 2529 3804 2785 3860; x_wconf 86' lang='lat' dir='ltr'><strong>hoffende</strong></span> 
     </span>
     <span class='ocr_line' id='line_1_69' title="bbox 1663 3876 2786 3934; baseline -0.004 0"><span class='ocrx_word' id='word_1_464' title='bbox 1663 3878 1934 3934; x_wconf 83' lang='lat' dir='ltr'><strong>Zuwachs</strong></span> <span class='ocrx_word' id='word_1_465' title='bbox 1981 3877 2292 3932; x_wconf 87' lang='lat' dir='ltr'><strong>desselben.</strong></span> <span class='ocrx_word' id='word_1_466' title='bbox 2366 3877 2527 3932; x_wconf 89' lang='lat' dir='ltr'><strong>Doch</strong></span> <span class='ocrx_word' id='word_1_467' title='bbox 2571 3876 2650 3932; x_wconf 83' lang='lat' dir='ltr'><strong>ist</strong></span> <span class='ocrx_word' id='word_1_468' title='bbox 2694 3876 2786 3930; x_wconf 88' lang='lat' dir='ltr'><strong>der</strong></span> 
     </span>
     <span class='ocr_line' id='line_1_70' title="bbox 1660 3947 2784 4018; baseline -0.001 -16"><span class='ocrx_word' id='word_1_469' title='bbox 1660 3947 1957 4004; x_wconf 84' lang='lat' dir='ltr'><strong>Ausdruck</strong></span> <span class='ocrx_word' id='word_1_470' title='bbox 2000 3948 2239 4018; x_wconf 85' lang='lat' dir='ltr'><strong>dunkel,</strong></span> <span class='ocrx_word' id='word_1_471' title='bbox 2295 3948 2372 4003; x_wconf 86' lang='lat' dir='ltr'><strong>da</strong></span> <span class='ocrx_word' id='word_1_472' title='bbox 2413 3947 2576 4002; x_wconf 86' lang='lat' dir='ltr'><strong>nicht</strong></span> <span class='ocrx_word' id='word_1_473' title='bbox 2622 3962 2784 4016; x_wconf 81' lang='lat' dir='ltr'><strong>ange-</strong></span> 
     </span>
     <span class='ocr_line' id='line_1_71' title="bbox 1662 4017 2783 4090; baseline -0.002 -17"><span class='ocrx_word' id='word_1_474' title='bbox 1662 4021 1858 4076; x_wconf 88' lang='lat' dir='ltr'><strong>deutet</strong></span> <span class='ocrx_word' id='word_1_475' title='bbox 1898 4019 1999 4090; x_wconf 89' lang='lat' dir='ltr'><strong>ist,</strong></span> <span class='ocrx_word' id='word_1_476' title='bbox 2057 4019 2186 4075; x_wconf 82' lang='lat' dir='ltr'><strong>dass</strong></span> <span class='ocrx_word' id='word_1_477' title='bbox 2239 4037 2352 4075; x_wconf 84' lang='lat' dir='ltr'><strong>von</strong></span> <span class='ocrx_word' id='word_1_478' title='bbox 2399 4017 2783 4088; x_wconf 72' lang='lat' dir='ltr'><strong>zukunstigem</strong></span> 
     </span>
     <span class='ocr_line' id='line_1_72' title="bbox 1661 4089 2784 4147; baseline -0.004 -1"><span class='ocrx_word' id='word_1_479' title='bbox 1661 4091 1849 4146; x_wconf 82' lang='lat' dir='ltr'><strong>Ruhm</strong></span> <span class='ocrx_word' id='word_1_480' title='bbox 1914 4091 2006 4147; x_wconf 81' lang='lat' dir='ltr'><strong>die</strong></span> <span class='ocrx_word' id='word_1_481' title='bbox 2067 4091 2224 4146; x_wconf 86' lang='lat' dir='ltr'><strong>Rede</strong></span> <span class='ocrx_word' id='word_1_482' title='bbox 2286 4091 2377 4144; x_wconf 89' lang='lat' dir='ltr'><strong>ist.</strong></span> <span class='ocrx_word' id='word_1_483' title='bbox 2470 4089 2784 4144; x_wconf 87' lang='lat' dir='ltr'><strong>Alexander</strong></span> 
     </span>
     <span class='ocr_line' id='line_1_73' title="bbox 1663 4159 2812 4229; baseline -0.003 -13"><span class='ocrx_word' id='word_1_484' title='bbox 1663 4161 1858 4229; x_wconf 84' lang='lat' dir='ltr'><strong>meint‚</strong></span> <span class='ocrx_word' id='word_1_485' title='bbox 1895 4162 1994 4216; x_wconf 87' lang='lat' dir='ltr'><strong>der</strong></span> <span class='ocrx_word' id='word_1_486' title='bbox 2029 4161 2448 4217; x_wconf 86' lang='lat' dir='ltr'><strong>moralische</strong></span> <span class='ocrx_word' id='word_1_487' title='bbox 2485 4159 2782 4228; x_wconf 88' lang='lat' dir='ltr'><strong>Eindruck,</strong></span> <span class='ocrx_word' id='word_1_488' title='bbox 2805 4209 2812 4220; x_wconf 82' lang='lat'><strong>,</strong></span> 
     </span>
     <span class='ocr_line' id='line_1_74' title="bbox 1665 4229 2782 4303; baseline -0.004 -16"><span class='ocrx_word' id='word_1_489' title='bbox 1665 4234 1774 4288; x_wconf 89' lang='lat' dir='ltr'><strong>den</strong></span> <span class='ocrx_word' id='word_1_490' title='bbox 1801 4232 1902 4288; x_wconf 87' lang='lat' dir='ltr'><strong>der</strong></span> <span class='ocrx_word' id='word_1_491' title='bbox 1913 4232 2252 4303; x_wconf 82' lang='lat' dir='ltr'><strong>Uebergang</strong></span> <span class='ocrx_word' id='word_1_492' title='bbox 2277 4233 2416 4286; x_wconf 81' lang='lat' dir='ltr'><strong>uber</strong></span> <span class='ocrx_word' id='word_1_493' title='bbox 2444 4233 2552 4286; x_wconf 86' lang='lat' dir='ltr'><strong>den</strong></span> <span class='ocrx_word' id='word_1_494' title='bbox 2581 4229 2782 4285; x_wconf 81' lang='lat' dir='ltr'><strong>Tanais</strong></span> 
     </span>
     <span class='ocr_line' id='line_1_75' title="bbox 1663 4301 2782 4373; baseline -0.003 -15"><span class='ocrx_word' id='word_1_495' title='bbox 1663 4304 1812 4360; x_wconf 82' lang='lat' dir='ltr'><strong>nach</strong></span> <span class='ocrx_word' id='word_1_496' title='bbox 1857 4304 2088 4373; x_wconf 84' lang='lat' dir='ltr'><strong>Europa</strong></span> <span class='ocrx_word' id='word_1_497' title='bbox 2140 4303 2281 4358; x_wconf 88' lang='lat' dir='ltr'><strong>aller</strong></span> <span class='ocrx_word' id='word_1_498' title='bbox 2333 4301 2508 4358; x_wconf 87' lang='lat' dir='ltr'><strong>Orten</strong></span> <span class='ocrx_word' id='word_1_499' title='bbox 2561 4302 2782 4356; x_wconf 86' lang='lat' dir='ltr'><strong>hervor-</strong></span> 
     </span>
    </p>
   </div>
  </div>
 </body>
</html>
