3069 4749
432 173 565 239 110
1347 176 1412 238 Q.
1451 174 1673 227 cmm
1707 175 1882 227 mm

427 334 839 419 Hellesponti
883 337 1156 419 tenent,
1191 334 1607 420 coloniasque
1654 334 2050 401 Graecorum
2104 333 2323 401 Ionias
2371 336 2550 401 omni
2595 337 2782 403 clade

428 424 730 507 vastavit,
777 445 922 489 cum
967 444 1208 509 magno
1255 423 1485 489 deinde
1531 424 1813 489 exercitu
1860 444 2037 488 mare
2086 424 2343 490 traiecit
2386 424 2595 493 inlato
2641 426 2783 492 Ma-

325 533 390 583 11
431 513 737 579 cedoniae
783 515 852 577 et
895 510 1205 577 Graeciae
1249 512 1441 578 bello,
1516 511 1769 577 Rursus
1812 510 2056 577 Xerxes
2104 514 2317 597 gentis
2365 514 2651 580 eiusdem
2696 516 2783 579 ad

430 600 904 686 oppugnandos
940 621 1062 667 nos
1101 622 1245 666 cum
1285 600 1671 668 immanium
1707 602 2131 666 barbarorum
2174 602 2379 687 copiis
2416 604 2621 667 venit:
2667 605 2782 688 qui

428 691 650 755 navali
695 690 941 773 proelio
987 687 1196 755 victus
1240 688 1651 755 Mardonium
1698 694 1919 755 tamen
1962 690 2227 775 reliquit
2269 692 2338 755 in
2375 688 2665 775 Graecia,
2700 694 2780 758 ut

325 799 390 849 12
431 778 667 845 absens
706 799 958 863 quoque
996 778 1416 862 popularetur
1452 777 1665 861 urbes,
1702 799 1895 863 agros
1924 777 2577 863 ureret.‚Philippum
2605 802 2781 865 vero,

426 870 764 952 parentem
809 888 1044 951 meum,
1081 866 1226 951 quis
1271 867 1534 952 ignorat
1572 866 1655 931 ab
1692 866 1775 930 iis
1820 866 2236 932 interfectum
2282 887 2441 951 esse,
2479 890 2639 952 quos
2674 870 2778 934 in-

428 956 645 1042 gentis
691 956 1000 1039 pecuniae
1055 976 1170 1039 spe
1227 955 1739 1021 sollicitaverant
1792 956 2035 1021 vestri?
2125 954 2319 1040 Inpia
2372 957 2543 1021 enim
2599 957 2779 1023 bella

429 1044 760 1129 suscipitis
800 1047 883 1128 et,
918 1066 1063 1109 cum
1100 1043 1402 1109 habeatis
1442 1066 1641 1129 arma,
1677 1043 1967 1109 licemini
2003 1044 2291 1110 hostium
2328 1046 2566 1129 capita:
2607 1046 2780 1111 sicut

426 1136 499 1197 tu
545 1133 837 1217 proxime
881 1132 1148 1198 talentis
1195 1133 1403 1219 mille,
1448 1133 1619 1197 tanti
1664 1133 1982 1197 exercitus
2026 1154 2168 1213 rex,
2212 1154 2658 1218 percussorem
2702 1135 2779 1199 in

324 1243 388 1292 13
430 1244 535 1287 me
583 1242 794 1287 emere
840 1221 1124 1287 voluisti.
1214 1221 1489 1305 Repello
1536 1221 1741 1307 igitur
1785 1221 2049 1305 bellum,
2094 1243 2229 1287 non
2274 1222 2502 1288 infer0.
2573 1222 2665 1287 Et
2709 1222 2778 1289 di

431 1332 684 1395 quoque
727 1330 847 1393 pro
895 1310 1160 1375 meliore
1205 1313 1388 1375 stant
1434 1332 1653 1375 causa:
1700 1332 2005 1395 magnam
2043 1314 2298 1394 partem
2335 1309 2534 1375 Asiae
2572 1312 2643 1375 in
2684 1311 2777 1375 di—

429 1399 681 1464 cionem
727 1398 948 1484 redegi
993 1420 1234 1482 meam,
1286 1402 1352 1463 te
1406 1400 1625 1482 ipsum
1678 1399 1815 1463 acie
1861 1399 2003 1464 vici.
2096 1398 2301 1475 Quem
2353 1400 2479 1464 etsi
2522 1399 2691 1465 nihil
2736 1422 2779 1464 a

429 1510 534 1553 me
579 1488 910 1572 inpetrare
955 1488 1324 1572 oportebat,
1367 1491 1594 1573 utpote
1632 1488 1743 1573 qui
1777 1509 1861 1552 ne
1899 1486 2056 1553 belli
2094 1487 2354 1571 quidem
2391 1488 2463 1553 in
2495 1510 2600 1553 me
2638 1488 2781 1553 iura

429 1576 810 1660 servaveris,
854 1579 1095 1661 tamen,
1141 1577 1198 1641 si
1243 1577 1498 1642 veneris
1546 1576 1837 1661 supplex,
1887 1579 1955 1641 et
2002 1581 2280 1642 matrem
2325 1578 2391 1640 et
2436 1577 2775 1662 coniugem

326 1684 394 1734 14
432 1670 500 1729 et
543 1664 786 1731 liberos
833 1665 976 1729 sine
1018 1665 1232 1749 pretio
1281 1669 1693 1749 recepturum
1732 1686 1874 1730 esse
1912 1666 2243 1749 promitto,
2288 1664 2380 1729 Et
2415 1666 2672 1731 vincere
2713 1668 2781 1731 et

430 1754 765 1819 consulere
829 1753 1020 1818 victis
1093 1754 1244 1819 scio.
1335 1752 1522 1829 Quod
1588 1753 1644 1818 si
1706 1758 1772 1818 te
1838 1754 2241 1818 committere
2310 1754 2501 1819 nobis
2569 1754 2780 1838 times,

429 1842 726 1907 dabimus
762 1842 954 1907 fidem
991 1841 1235 1927 inpune
1271 1845 1637 1907 venturum.
1700 1840 1800 1906 De
1844 1845 2078 1927 cetere,
2122 1864 2270 1907 cum
2308 1842 2469 1909 mihi
2510 1842 2780 1927 scribes,

428 1935 752 1996 memento
790 1952 922 1995 non
961 1931 1171 1996 solum
1208 1931 1348 2015 regi
1392 1934 1476 2016 te,
1521 1930 1635 1995 sed
1681 1931 1879 1995 etiam
1915 1933 2030 1996 tuo
2070 1928 2390 1996 scribere?
2452 1930 2557 1996 Ad
2606 1932 2773 1997 hanc

235 1997 320 2123 [ν
428 2018 880 2103 perferendam
925 2018 1324 2104 Thersippus
1373 2024 1472 2084 est
1515 2020 1773 2084 missus.

229 2128 238 2153 ¹·
325 2127 389 2177 15
443 2134 452 2145 ·
495 2148 498 2153 ·
605 2107 683 2172 In
729 2106 1099 2173 Phoenicen
1145 2110 1288 2173 dein
1331 2107 1663 2173 descendit
1708 2041 2129 2193 estoppidum
2164 2106 2425 2191 Byblon
2460 2108 2773 2173 traditum
2810 2112 2856 2177 3

428 2196 689 2279 recepit.
750 2196 908 2261 Inde
956 2196 1038 2261 ad
1075 2194 1319 2262 Sidona
1362 2200 1631 2263 ventum
1678 2201 1795 2281 est,
1837 2198 2069 2262 urbem
2113 2200 2435 2262 vetustate
2470 2196 2775 2282 famaque

326 2305 391 2354 le
431 2285 836 2349 conditorum
898 2285 1207 2349 inclitam.
1297 2284 1647 2371 Regnabat
1709 2286 1779 2349 in
1842 2306 1920 2351 ea
1976 2283 2223 2368 StratO,
2287 2282 2485 2350 Darei
2546 2287 2774 2369 opibus
2838 2328 2846 2336 -

435 2495 1068 2566 getham—vastavit.
1091 2496 1550 2551 Nachklass.Au-
1658 2496 1791 2553 sach
1826 2495 1957 2568 (wie
1995 2501 2046 2552 3.
2087 2503 2171 2551 13.
2207 2503 2243 2551 4
2272 2515 2323 2550 u.
2355 2501 2417 2564 ῦς
2457 2498 2631 2552 unten
2664 2503 2716 2551 2.
2744 2501 2777 2551 2

432 2569 596 2621 toren
622 2565 926 2620 verbinden
957 2566 1058 2621 das
1080 2567 1244 2623 Wort
1271 2567 1415 2622 auch
1443 2567 1553 2622 mit
1656 2586 1711 2622 u.
1751 2569 1807 2637 6)
1844 2567 1955 2623 mit
1978 2568 2113 2623 urbs
2139 2567 2473 2624 wechselnd.
2520 2566 2641 2624 Den
2672 2567 2777 2622 Ge-

433 2636 828 2706 personlichen
865 2636 1162 2706 Objekten,
1203 2639 1379 2693 daher
1413 2638 1551 2693 kein
1657 2655 1809 2708 gens.
1849 2658 1919 2694 zu
1952 2640 2085 2693 urbs
2121 2638 2302 2692 bildet
2334 2639 2507 2706 vicus,
2546 2655 2588 2692 s.
2624 2646 2669 2693 1.
2702 2643 2773 2694 30

433 2708 696 2778 Zeugma.
768 2708 1040 2763 Dasselbe
1076 2709 1219 2764 thun
1259 2709 1351 2764 die
1387 2708 1549 2765 Klas-
1655 2727 1712 2764 u.
1741 2715 1791 2766 δ.
1819 2741 1879 2750 —-
1908 2715 2243 2766 vetustate
2284 2707 2547 2764 s.Genes.
2573 2714 2773 2777 10.15;

433 2778 588 2833 siker
621 2777 730 2834 mit
763 2793 1086 2849 oppuqnarc
1123 2783 1176 2849 (ς
1217 2783 1322 2852 11).
1654 2782 1819 2837 Hom.
1877 2780 1979 2837 Od.
2028 2781 2094 2838 V.
2145 2784 2266 2835 285.
2352 2777 2609 2834 Grunder
2662 2796 2778 2835 von

507 2875 589 2922 11.
645 2869 866 2938 yemis
915 2869 1234 2934 eiusdem;
1280 2868 1419 2924 fiber
1454 2868 1548 2924 die
1656 2851 1832 2908 Sidffll
1874 2852 1992 2908 und
2029 2852 2207 2922 ΤῚΙὋΒ
2250 2866 2370 2906 Wffi'
2412 2851 2561 2905 ΜΘΗ
2605 2855 2659 2903 4·
2700 2853 2769 2904 15

430 2938 656 2995 Konstr.
703 2957 746 2994 s,
791 2939 857 2994 Ε,
903 2944 990 2994 83,
1028 2969 1097 2980 -
1141 2940 1545 2996 immanium,
1654 2922 1899 2993 Agenor,
1937 2923 2152 2978 Bruder
2189 2922 2289 2978 des
2315 2921 2485 2977 Belus
2512 2937 2566 2976 u.
2596 2922 2801 2977 Vater.

428 3004 696 3080 Haufige's
715 3009 964 3064 Beiwort
979 3025 1090 3065 von
1114 3011 1291 3065 rohen
1310 3011 1546 3066 Volker-
1656 2995 1753 3049 (13⁸
1791 2993 2052 3049 Gadmffl·
2210 3062 2223 3074 .
2380 3063 2392 3077 .
2738 3061 2752 3073 .

431 3081 705 3136 schaften.
743 3082 934 3136 Andre
962 3079 1185 3136 Lesartz
1213 3083 1551 3137 immanibus
1731 3071 1815 3119 1⁶·
1854 3063 1971 3118 ΒΗ·
1985 3069 2129 3132 ⁶²⁶⁰.-
2174 3080 2269 3119 em
2305 3065 2397 3118 bel
2433 3064 2542 3118 den
2575 3062 2779 3121 Phssm-

530 3153 862 3222 inymtibm0
889 3181 956 3192 ....
977 3153 1056 3206 ab
1067 3167 1218 3207 κῃ,
1257 3153 1425 3208 ‘auch
1453 3169 1554 3208 aug
1662 3133 1813 3190 ciem
1833 3135 2026 3203 haufig
2039 3134 2509 3189 vorkommender
2517 3132 2780 3188 Ffirsten-

435 3222 536 3276 der
570 3223 793 3291 Ferne'‚
827 3223 997 3277 naml.
1030 3239 1138 3292 per
1166 3224 1549 3281 Mardonium.
1660 3221 1842 3289 muffe-
1908 3204 1963 3259 S·
2002 3210 2033 3270 ὅ
2072 3209 2121 3259 5·
2168 3233 2249 3288 -1
2284 3203 2501 3288 Day'ei
2544 3206 2781 3289 opibus

1661 3277 1955 3331 adsutus.
1995 3275 2122 3344 Vgl.
2156 3291 2275 3330 suos
2306 3277 2507 3345 optbus
2541 3281 2774 3342 nacerat,

434 3317 611 3436 &3312
640 3311 1553 3450 &12²²3‘5'QT‘232-ss232222232,
1663 3345 1818 3431 czwe-
1856 3348 1910 3401 b·
1951 3363 1994 3432 ‚0-
2036 3351 2101 3429 ³2
2125 3350 2306 3471 Ἣ.
2356 3347 2781 3470 “detestem-

437 3451 606 3508 ‘setzt
624 3451 786 3508 einen
805 3453 960 3507 Preis
991 3453 1109 3508 auf'
1143 3455 1328 3507 etc.—
1349 3469 1556 3508 emere
1660 3419 1826 3503 '‘aiu‘'
1870 3435 1965 3472 ω’
2009 3433 2101 3472 ⁸¹⁶²
2198 3434 2227 3471 Θ
2258 3460 2291 3500 .·
2331 3423 2381 3470 1·
2422 3423 2471 3501 8.·
2503 3423 2561 3484 5’
2624 3433 2783 3473 emer

432 3524 670 3592 aliquem
707 3549 775 3568 ==
813 3524 1091 3593 dingen,
1137 3527 1286 3593 poet.
1335 3543 1387 3579 u.
1433 3523 1554 3580 nkl.
1662 3488 2197 3616 ῗιέἕὲωῗέῗωέᾮη
2219 3489 2473 3614 ἕὶζξξῖιῗι,
2490 3491 2783 3614 ὧῖξῖὲὴέθ·

510 3617 592 3666 13·
621 3627 752 3681 1)Υο
778 3613 1051 3668 meliore
1087 3629 1319 3680 ⁶⁰u⁸⁰2
1341 3613 1557 3669 ‘LE-5⁰·
1664 3601 1805 3686 fiber
1842 3601 2045 3697 Sidon,
2082 3601 2330 3699 gestfitzt
2364 3601 2469 3685 auf
2498 3630 2782 3700 persische

509 3706 592 3755 14.
631 3702 985 3757 consulere
1015 3741 1060 3756 ..
1091 3703 1254 3770 seio,
1293 3701 1406 3771 vgl.
1435 3700 1557 3759 Liv.
1665 3702 1876 3757 Macht.
1916 3701 2269 3757 Vermutlich
2296 3703 2455 3756 hatte
2475 3701 2649 3756 Sidon
2674 3700 2783 3755 seit

434 3777 520 3828 22.
547 3777 633 3826 51.
650 3778 686 3826 4
711 3773 924 3827 vincere
949 3773 1057 3827 scis
1102 3772 1419 3839 Hannibal,
1447 3774 1558 3827 vic·
1667 3774 1768 3827 der
1778 3772 2089 3828 Einnahme
2109 3773 2209 3828 der
2224 3773 2390 3828 Stadt
2408 3773 2578 3826 durch
2588 3771 2779 3825 Artax.

433 3845 580 3899 toria
634 3846 722 3898 uti
766 3845 956 3898 nescis,
1029 3811 1185 3899 [lber
1237 3845 1348 3899 den
1399 3843 1557 3898 infin.
1666 3842 1852 3898 Ochus
1892 3845 2042 3914 (351)
2080 3844 2245 3899 einen
2286 3843 2780 3922 ausgedrungenen

431 3915 527 3970 bei
563 3915 724 3969 timeo
759 3931 800 3968 s.
839 3913 1068 3977 E.,11·1.
1109 3945 1174 3955 -
1222 3915 1298 3969 de
1341 3920 1559 3969 cetero
1664 3915 1986 3971 Herrseher.
2024 3913 2187 3970 Nach
2207 3917 2434 3970 adiutus
2452 3911 2579 3966 sind
2602 3910 2779 3965 wahr-

434 4011 502 4032 ==
549 3986 649 4040 τοῦ
697 3985 914 4040 λοιποῦ.
991 3984 1065 4040 So
1113 3985 1288 4039 sehon
1335 3983 1552 4040 verein-
1662 3985 1971 4049 schehlich
1993 3984 2181 4056 einige
2196 3986 2391 4041 Worte
2413 3981 2777 4050 ausgefallen,

432 4057 545 4112 zelt
580 4056 693 4112 Cic.
733 4057 802 4110 de
839 4055 932 4110 fin.
974 4062 1020 4112 1.
1061 4062 1145 4111 26.
1663 4057 1837 4111 etwa=
1873 4059 1925 4112 ie
1958 4058 2147 4112 urbem
2182 4058 2299 4124 reyi
2326 4053 2576 4120 tradidit,
2616 4067 2781 4108 wenn

508 4133 590 4182 15.
629 4129 944 4198 oppidum
969 4127 1253 4198 Byblon.
1291 4127 1557 4195 oppidum
1661 4145 1795 4182 man
1831 4128 1993 4183 nicht
2028 4127 2343 4181 annehmen
2380 4122 2515 4191 will,
2554 4123 2678 4178 dass
2718 4123 2779 4180 Ο.

437 4199 589 4252 steht
623 4199 708 4253 als
747 4200 846 4254 der
873 4197 1099 4254 weitere
1136 4196 1356 4266 Begriff
1385 4197 1557 4267 (feste
1664 4198 1765 4253 das
1811 4197 2151 4253 Stattflnden
2199 4198 2297 4252 der
2340 4196 2547 4251 deditio
2602 4196 2784 4251 durch

434 4267 897 4340 Niederlassung)
934 4269 1028 4324 bei
1057 4268 1115 4325 Ο.
1147 4269 1232 4324 oft
1268 4269 1413 4323 auch
1448 4270 1557 4324 mit
1664 4269 1757 4324 die
1781 4267 2223 4336 Voranstellung
2249 4268 2347 4322 des
2378 4265 2617 4335 Objekts
2635 4266 2783 4322 habe

437 4337 630 4408 Bezug
674 4340 776 4394 auf
814 4340 1043 4411 grosse
1095 4340 1320 4409 Stadte,
1373 4341 1556 4396 mehr·
1665 4341 1944 4396 andeuten
1976 4338 2200 4404 wollen,
2242 4337 2413 4393 somit
2448 4355 2617 4408 quam
2653 4339 2787 4407 fecit
